@misc{clinicaltrialsgov,
	title           = {Breast Cancer in Pregnancy Register Study - Full Text View - ClinicalTrials.gov},
	url             = {https://clinicaltrials.gov/ct2/show/NCT00196833},
	description     = {Breast Cancer in Pregnancy Register Study - Full Text View.}
}
@misc{challenge,
	title           = {Home \vert{} The SPRINT Data Analysis Challenge},
	url             = {https://challenge.nejm.org/groups/sprint-data-analysis-challenge/pages/home},
	description     = {To explore the potential of clinical trial data sharing, the New England Journal of Medicine (NEJM) is hosting a challenge: use the data underlying a recent NEJM article to identify a novel clinical finding that advances medical science.}
}
@misc{events,
	title           = {National Minimum Dataset (hospital events)},
	url             = {https://www.health.govt.nz/nz-health-statistics/national-collections-and-surveys/collections/national-minimum-dataset-hospital-events},
	description     = {The National Minimum Dataset is a national collection of public and private hospital discharge information, including coded clinical data for inpatients and day patients.}
}
@misc{dictionary,
	title           = {National Minimum Dataset (Hospital Events) data dictionary},
	url             = {https://www.health.govt.nz/publication/national-minimum-dataset-hospital-events-data-dictionary},
	description     = {The National Minimum Dataset is used for policy formation, performance monitoring, research, and review. It provides statistical information, reports, and analyses about the trends in the delivery of hospital inpatient and day patient health services both nationally and on a provider basis. It is also used for funding purposes.}
}
@misc{papers_with_code,
	title           = {Papers with {Code} - {The} latest in machine learning},
	journal         = {Papers with Code},
	url             = {https://paperswithcode.com/},
	urldate         = {2020-10-19},
	type            = {Repository}
}
@misc{data,
	title           = {Philips and MIT investigators collaborate to give researchers unprecedented access to critical care patient data},
	url             = {https://www.usa.philips.com/a-w/about/news/archive/standard/news/press/2015/20150115-Philips-and-MIT-investigators-collaborate-to-give-researchers-unprecedented-access-to-critical-care-patient-data.html\#.VnsL2UorKUk},
	description     = {Most inpatient multi-center data sets available to researchers today are limited to insurance claims data, which offers just a summary of a patient's stay. Through this new initiative, Philips will release a more comprehensive look at the ICU patient's journey by opening up data sets from patient stays in eICU centers representing approximately 10\% of all adult ICU beds in the United States.}
}
@misc{clinicaltrialsgova,
	title           = {Praegnant Breast Cancer: Early/Advanced/Metastatic - Full Text View - ClinicalTrials.gov},
	url             = {https://clinicaltrials.gov/ct2/show/NCT02338167},
	description     = {Praegnant Breast Cancer: Early/Advanced/Metastatic - Full Text View.}
}
@misc{2017,
	title           = {Publicly funded hospital discharges – 1 July 2016 to 30 June 2017},
	url             = {https://www.health.govt.nz/publication/publicly-funded-hospital-discharges-1-july-2016-30-june-2017},
	description     = {These tables contain summarised data detailing publicly funded hospital discharges and procedures by DHB, ethnic group, sex, age group and disease/procedure classification. The data is provided in multiple formats.}
}
@misc{informatics,
	title           = {Synthetic Derivative \vert{} Department of Biomedical Informatics},
	url             = {https://www.vumc.org/dbmi/synthetic-derivative},
	description     = {The Synthetic Derivative (SD) is the database containing clinical information derived from Vanderbilt's electronic medical record. The SD is a set of records that is no longer linked to the identified medical record from which it is derived and has been altered to the point it no longer closely resembles the original record. The SD can be used as a stand-alone research resource, or can be used in conjunction with BioVU to identify record sets for genome-phenome analysis.}
}
@misc{wandb,
	title           = {Weights and Biases, Developer tools for ML},
	url             = {https://www.wandb.com/},
	urldate         = {2020-10-19}
}
@misc{ssl-mit,
	title           = {Semi-Supervised Learning \vert{} The MIT Press},
	author          = {Chapelle, Olivier and Sch{\"{o}}lkopf, Bernhard and Zien, Alexander},
	url             = {https://mitpress.mit.edu/books/semi-supervised-learning http://mitpress.mit.edu/books/semi-supervised-learning},
	urldate         = {2020-10-07}
}
@misc{Clarivate,
	title           = {Trusted publisher-independent citation database - Web of Science Group},
	author          = {Clarivate},
	url             = {https://clarivate.com/webofsciencegroup/solutions/web-of-science/},
	urldate         = {2020-10-06}
}
@misc{scholar,
	title           = {Google Scholar},
	author          = {Google},
	url             = {https://scholar.google.com/},
	urldate         = {2020-10-06}
}
@misc{nielsend,
	title           = {10 Heuristics for User Interface Design: Article by Jakob Nielsen},
	author          = {Nielse, Jakob},
	url             = {https://www.nngroup.com/articles/ten-usability-heuristics/}
}
@misc{Prophy,
	title           = {Prophy},
	author          = {Prophy},
	url             = {https://www.prophy.science/},
	urldate         = {2020-10-06}
}
@misc{us_bureau_of_labor_statistics_american_nodate,
	title           = {American {Time} {Use} {Survey} {Home} {Page}},
	author          = {U.S. Bureau of Labor Statistics},
	url             = {https://www.bls.gov/tus/home.htm},
	urldate         = {2020-10-19}
}
@misc{Wikipediacontributors,
	title           = {Jaccard index - Wikipedia},
	author          = {Wikipedia contributors},
	url             = {https://en.wikipedia.org/wiki/Jaccard{\%5F}index},
	urldate         = {2020-10-09}
}
@article{Agrawal1993,
	title           = {Mining Association Rules between Sets of Items in Large Databases},
	author          = {Agrawal, Rakesh and Imieli\'{n}ski, Tomasz and Swami, Arun},
	year            = 1993,
	month           = jun,
	journal         = {SIGMOD Rec.},
	publisher       = {Association for Computing Machinery},
	address         = {New York, NY, USA},
	volume          = 22,
	number          = 2,
	pages           = {207–216},
	doi             = {10.1145/170036.170072},
	issn            = {0163-5808},
	url             = {https://doi.org/10.1145/170036.170072},
	issue_date      = {June 1, 1993},
	numpages        = 10
}
@article{Goldberger_2000,
	title           = {{{PhysioBank} {PhysioToolkit} and {PhysioNet}}},
	author          = {Ary L. Goldberger and Luis A. N. Amaral and Leon Glass and Jeffrey M. Hausdorff and Plamen Ch. Ivanov and Roger G. Mark and Joseph E. Mietus and George B. Moody and Chung-Kang Peng and H. Eugene Stanley},
	year            = 2000,
	month           = jun,
	journal         = {Circulation},
	publisher       = {Ovid Technologies (Wolters Kluwer Health)},
	volume          = 101,
	number          = 23,
	doi             = {10.1161/01.cir.101.23.e215},
	url             = {https://doi.org/10.1161\%2F01.cir.101.23.e215}
}
@article{Etzioni2002,
	title           = {Overdiagnosis due to prostate-specific antigen screening: lessons from U.S. prostate cancer incidence trends.},
	author          = {Etzioni, R and Penson, DF and Legler, JM and di, Tommaso D and Boer, R and Gann, PH and Feuer, EJ},
	year            = 2002,
	month           = jul,
	journal         = {J Natl Cancer Inst},
	volume          = 94,
	pages           = {981--90},
	date            = {2002 Jul 3},
	source          = {J Natl Cancer Inst},
	authors         = {Etzioni, R and Penson, DF and Legler, JM and di, Tommaso D and Boer, R and Gann, PH and Feuer, EJ},
	pubmed_id       = 12096083
}
@inproceedings{ranzato2007unsupervised,
	title           = {Unsupervised learning of invariant feature hierarchies with applications to object recognition},
	author          = {Ranzato, Marc'Aurelio Marc-Aurelio and Huang, Fu Jie and Boureau, Y-Lan Lan and LeCun, Yann},
	year            = 2007,
	booktitle       = {2007 IEEE conference on computer vision and pattern recognition},
	pages           = {1--8},
	doi             = {10.1109/cvpr.2007.383157},
	isbn            = 1424411807,
	issn            = 10636919,
	mendeley-groups = {OHD-GAN-misc},
	organization    = {Ieee}
}
@article{maaten2008tsne,
	title           = {Visualizing data using t-SNE},
	author          = {{Van Der Maaten}, Laurens and Hinton, Geoffrey},
	year            = 2008,
	journal         = {Journal of Machine Learning Research},
	volume          = 9,
	pages           = {2579--2625},
	issn            = 15324435,
	url             = {http://www.jmlr.org/papers/v9/vandermaaten08a.html},
	mendeley-groups = {OHD-GAN-misc}
}
@incollection{Dwork2008,
	title           = {Differential Privacy: A Survey of Results},
	author          = {Dwork, Cynthia},
	year            = 2008,
	month           = apr,
	booktitle       = {Theory and Applications of Models of Computation},
	publisher       = {Springer Berlin Heidelberg},
	pages           = {1--19},
	doi             = {10.1007/978-3-540-79228-4\_1},
	url             = {https://link.springer.com/chapter/10.1007/978-3-540-79228-4{\%5F}1},
	mendeley-groups = {OHD-GAN,OHD-GAN-misc}
}
@article{Roden_2008,
	title           = {{Development of a Large-Scale De-Identified {DNA} Biobank to Enable Personalized Medicine}},
	author          = {DM Roden and JM Pulley and MA Basford and GR Bernard and EW Clayton and JR Balser and DR Masys},
	year            = 2008,
	month           = may,
	journal         = {Clinical Pharmacology {\&amp;} Therapeutics},
	publisher       = {Springer Science and Business Media {LLC}},
	volume          = 84,
	number          = 3,
	pages           = {362--369},
	doi             = {10.1038/clpt.2008.89},
	url             = {https://doi.org/10.1038\%2Fclpt.2008.89}
}
@article{Ackerman2009,
	title           = {Personalized medicine.},
	author          = {Ackerman, Michael J.},
	year            = 2009,
	journal         = {The Journal of medical practice management : MPM},
	volume          = 25,
	number          = 3,
	pages           = {194--195},
	issn            = 87550229,
	url             = {https://www.genome.gov/genetics-glossary/Personalized-Medicine},
	pmid            = 20073180
}
@article{Bengio_2009,
	title           = {{Learning Deep Architectures for {AI}}},
	author          = {Y. Bengio},
	year            = 2009,
	journal         = {Foundations and Trends{\textregistered} in Machine Learning},
	publisher       = {Now Publishers},
	volume          = 2,
	number          = 1,
	pages           = {1--127},
	doi             = {10.1561/2200000006},
	url             = {https://doi.org/10.1561\%2F2200000006}
}
@article{Li2010-qq,
	title           = {Closeness: A New Privacy Measure for Data Publishing},
	author          = {Li, N and Li, T and Venkatasubramanian, S},
	year            = 2010,
	month           = jul,
	journal         = {IEEE Trans. Knowl. Data Eng.},
	volume          = 22,
	number          = 7,
	pages           = {943--956},
	doi             = {10.1109/tkde.2009.139},
	issn            = {1041-4347},
	url             = {http://dx.doi.org/10.1109/TKDE.2009.139}
}
@misc{biomarkers2010,
	title           = {What are biomarkers?},
	author          = {Strimbu, Kyle and Tavel, Jorge A.},
	year            = 2010,
	month           = nov,
	booktitle       = {Current Opinion in HIV and AIDS},
	publisher       = {NIH Public Access},
	volume          = 5,
	number          = 6,
	pages           = {463--466},
	doi             = {10.1097/COH.0b013e32833ed177},
	issn            = {1746630x},
	url             = {/pmc/articles/PMC3078627/?report=abstract https://www.ncbi.nlm.nih.gov/pmc/articles/PMC3078627/},
	pmid            = 20978388
}
@inproceedings{Ullman2011,
	title           = {PCPs and the hardness of generating private synthetic data},
	author          = {Ullman, Jonathan and Vadhan, Salil},
	year            = 2011,
	booktitle       = {Lecture Notes in Computer Science (including subseries Lecture Notes in Artificial Intelligence and Lecture Notes in Bioinformatics)},
	volume          = {6597 Lncs},
	pages           = {400--416},
	doi             = {10.1007/978-3-642-19571-6\_24},
	isbn            = 9783642195709,
	issn            = {03029743},
	mendeley-groups = {Review-Todo,OHD-GAN-misc}
}
@inproceedings{Dankar2012-bd,
	title           = {The Application of Differential Privacy to Health Data},
	author          = {Dankar, Fida Kamal and El Emam, Khaled},
	year            = 2012,
	month           = {"30~" \# mar},
	booktitle       = {Proceedings of the 2012 Joint EDBT/ICDT Workshops},
	location        = {Berlin, Germany},
	publisher       = {Association for Computing Machinery},
	address         = {New York, NY, USA},
	series          = {Edbt-icdt '12},
	pages           = {158–166},
	doi             = {10.1145/2320765.2320816},
	isbn            = 9781450311434,
	url             = {https://doi.org/10.1145/2320765.2320816},
	numpages        = 9
}
@article{Tay2013,
	title           = {UpSizeR: Synthetically scaling an empirical relational database},
	author          = {Tay, Y. C. and Dai, Bing Tian and Wang, Daniel T. and Sun, Eldora Y. and Lin, Yong and Lin, Yuting},
	year            = 2013,
	month           = nov,
	journal         = {Information Systems},
	publisher       = {Pergamon},
	volume          = 38,
	number          = 8,
	pages           = {1168--1183},
	doi             = {10.1016/j.is.2013.07.004},
	issn            = {03064379}
}
@article{Verwer_2013,
	title           = {{{PAutomaC}: a probabilistic automata and hidden Markov models learning competition}},
	author          = {Sicco Verwer and Remi Eyraud and Colin de~la Higuera},
	year            = 2013,
	month           = oct,
	journal         = {Machine Learning},
	publisher       = {Springer Science and Business Media {LLC}},
	volume          = 96,
	number          = {1-2},
	pages           = {129--154},
	doi             = {10.1007/s10994-013-5409-9},
	url             = {https://doi.org/10.1007\%2Fs10994-013-5409-9}
}
@article{VanErven2014,
	title           = {{R{\'{e}}nyi divergence and kullback-leibler divergence}},
	author          = {{Van Erven}, Tim and Harr{\"{e}}mos, Peter},
	year            = 2014,
	journal         = {IEEE Transactions on Information Theory},
	volume          = 60,
	number          = 7,
	pages           = {3797--3820},
	doi             = {10.1109/tit.2014.2320500},
	issn            = {00189448},
	archiveprefix   = {arXiv},
	arxivid         = {1206.2459v2},
	eprint          = {1206.2459v2}
}
@article{Bambauer2014-yh,
	title           = {Fool's gold: an illustrated critique of differential privacy},
	author          = {Bambauer, Jane and Muralidhar, Krishnamurty and Sarathy, Rathindra},
	year            = 2014,
	journal         = {Vanderbilt Journal of Entertainment and Technology Law},
	volume          = 16,
	pages           = {701+},
	issn            = {1942-678x},
	url             = {https://go.gale.com/ps/anonymous?id=GALE\%7CA374695855\&sid=googleScholar\&v=2.1\&it=r\&linkaccess=abs\&issn=1942678X\&p=AONE\&sw=w}
}
@incollection{goodgan,
	title           = {Generative Adversarial Nets},
	author          = {Goodfellow, Ian and Pouget-Abadie, Jean and Mirza, Mehdi and Xu, Bing and Warde-Farley, David and Ozair, Sherjil and Courville, Aaron and Bengio, Yoshua},
	year            = 2014,
	booktitle       = {Advances in Neural Information Processing Systems 27},
	publisher       = {Curran Associates, Inc.},
	pages           = {2672--2680},
	url             = {http://papers.nips.cc/paper/5423-generative-adversarial-nets.pdf},
	editor          = {Z. Ghahramani and M. Welling and C. Cortes and N. D. Lawrence and K. Q. Weinberger}
}
@inproceedings{Buda2015,
	title           = {ReX: Extrapolating relational data in a representative way},
	author          = {Buda, Teodora Sandra and Cerqueus, Thomas and Murphy, John and Kristiansen, Morten},
	year            = 2015,
	booktitle       = {Lecture Notes in Computer Science (including subseries Lecture Notes in Artificial Intelligence and Lecture Notes in Bioinformatics)},
	publisher       = {Springer Verlag},
	volume          = 9147,
	pages           = {95--107},
	doi             = {10.1007/978-3-319-20424-6\_10},
	isbn            = 9783319204239,
	issn            = 16113349,
	url             = {https://link.springer.com/chapter/10.1007/978-3-319-20424-6{\%5F}10}
}
@article{Hripcsak2015,
	title           = {Observational Health Data Sciences and Informatics (OHDSI): Opportunities for Observational Researchers.},
	author          = {Hripcsak, G and Duke, JD and Shah, NH and Reich, CG and Huser, V and Schuemie, MJ and Suchard, MA and Park, RW and Wong, IC and Rijnbeek, PR and van, der Lei J and Pratt, N and Nor\'{e}n, GN and Li, YC and Stang, PE and Madigan, D and Ryan, PB},
	year            = 2015,
	journal         = {Stud Health Technol Inform},
	volume          = 216,
	pages           = {574--8},
	date            = 2015,
	source          = {Stud Health Technol Inform},
	authors         = {Hripcsak, G and Duke, JD and Shah, NH and Reich, CG and Huser, V and Schuemie, MJ and Suchard, MA and Park, RW and Wong, IC and Rijnbeek, PR and van, der Lei J and Pratt, N and Nor\'{e}n, GN and Li, YC and Stang, PE and Madigan, D and Ryan, PB},
	pubmed_id       = 26262116
}
@article{Neville_2015,
	title           = {{Development of a unified clinical trial database for Alzheimer{\textquotesingle}s disease}},
	author          = {Jon Neville and Steve Kopko and Steve Broadbent and Enrique Aviles and Robert Stafford and Christine M. Solinsky and Lisa J. Bain and Martin Cisneroz and Klaus Romero and Diane Stephenson and},
	year            = 2015,
	month           = feb,
	journal         = {Alzheimer{\textquotesingle}s {\&amp;} Dementia},
	publisher       = {Wiley},
	volume          = 11,
	number          = 10,
	pages           = {1212--1221},
	doi             = {10.1016/j.jalz.2014.11.005},
	url             = {https://doi.org/10.1016\%2Fj.jalz.2014.11.005}
}
@article{Fasching_2015,
	title           = {{Biomarkers in Patients with Metastatic Breast Cancer and the {PRAEGNANT} Study Network}},
	author          = {P. Fasching and S. Brucker and T. Fehm and F. Overkamp and W. Janni and M. Wallwiener and P. Hadji and E. Belleville and L. H\"{a}berle and F.-A. Taran and D. L\"{u}ftner and M. Lux and J. Ettl and V. M\"{u}ller and H. Tesch and D. Wallwiener and A. Schneeweiss},
	year            = 2015,
	month           = feb,
	journal         = {Geburtshilfe und Frauenheilkunde},
	publisher       = {Georg Thieme Verlag {KG}},
	volume          = 75,
	number          = {01},
	pages           = {41--50},
	doi             = {10.1055/s-0034-1396215},
	url             = {https://doi.org/10.1055\%2Fs-0034-1396215}
}
@inproceedings{Zhang2015,
	title           = {Dscaler: Synthetically scaling a given relational database},
	author          = {Zhang, J. W. and Tay, Y. C.},
	year            = 2015,
	month           = oct,
	booktitle       = {Proceedings of the VLDB Endowment},
	publisher       = {Association for Computing Machinery},
	volume          = 9,
	number          = 14,
	pages           = {1671--1682},
	doi             = {10.14778/3007328.3007333},
	issn            = 21508097,
	url             = {https://dl.acm.org/doi/10.14778/3007328.3007333}
}
@misc{finn2016guided,
	title           = {Guided Cost Learning: Deep Inverse Optimal Control via Policy Optimization},
	author          = {Chelsea Finn and Sergey Levine and Pieter Abbeel},
	year            = 2016,
	booktitle       = {International conference on machine learning},
	pages           = {49--58},
	archiveprefix   = {arXiv},
	eprint          = {1603.00448},
	groups          = {tep},
	primaryclass    = {cs.LG},
	timestamp       = {2020-10-22}
}
@inproceedings{Chen2016c,
	title           = {InfoGAN: Interpretable Representation Learning by Information Maximizing Generative Adversarial Nets},
	author          = {Chen, Xi and Duan, Yan and Houthooft, Rein and Schulman, John and Sutskever, Ilya and Abbeel, Pieter},
	year            = 2016,
	booktitle       = {Proceedings of the 30th International Conference on Neural Information Processing Systems},
	location        = {Barcelona, Spain},
	publisher       = {Curran Associates Inc.},
	address         = {Red Hook, NY, USA},
	series          = {Nips'16},
	pages           = {2180–2188},
	isbn            = 9781510838819,
	numpages        = 9
}
@inproceedings{choi2016multi,
	title           = {Multi-layer representation learning for medical concepts},
	author          = {Choi, Edward and Bahadori, Mohammad Taha and Searles, Elizabeth and Coffey, Catherine and Thompson, Michael and Bost, James and Tejedor-Sojo, Javier and Sun, Jimeng},
	year            = 2016,
	booktitle       = {Proceedings of the 22nd ACM SIGKDD International Conference on Knowledge Discovery and Data Mining},
	pages           = {1495--1504}
}
@misc{jang2016categorical,
	title           = {Categorical Reparameterization with Gumbel-Softmax},
	author          = {Eric Jang and Shixiang Gu and Ben Poole},
	year            = 2016,
	eprint          = {1611.01144},
	archiveprefix   = {arXiv},
	primaryclass    = {stat.ML}
}
@article{johnson2016mimic,
	title           = {MIMIC-III, a freely accessible critical care database},
	author          = {Johnson, Alistair EW and Pollard, Tom J and Shen, Lu and Li-wei, H Lehman and Feng, Mengling and Ghassemi, Mohammad and Moody, Benjamin and Szolovits, Peter and Celi, Leo Anthony and Mark, Roger G},
	year            = 2016,
	journal         = {Scientific data},
	publisher       = {Nature Publishing Group},
	volume          = 3,
	pages           = 160035
}
@inproceedings{lipton2016directly,
	title           = {Directly modeling missing data in sequences with rnns: Improved classification of clinical time series},
	author          = {Lipton, Zachary C and Kale, David and Wetzel, Randall},
	year            = 2016,
	booktitle       = {Machine Learning for Healthcare Conference},
	pages           = {253--270}
}
@article{Lipton2016,
	title           = {Directly Modeling Missing Data in Sequences with RNNs: Improved Classification of Clinical Time Series},
	author          = {Lipton, Zachary C and Kale, David and Wetzel, Randall},
	year            = 2016,
	publisher       = {Pmlr},
	address         = {Children's Hospital LA, Los Angeles, CA, USA},
	volume          = 56,
	pages           = {253--270},
	url             = {http://proceedings.mlr.press/v56/Lipton16.html All Papers/Other/Lipton et al. 2016 - Directly Modeling Missing Data in Sequences with RNNs - Improved Classification of Clinical Time Series.pdf},
	mendeley-groups = {Phylogenetics,OHD-GAN-misc}
}
@inproceedings{Salimans2016,
	title           = {Improved techniques for training GANs},
	author          = {Salimans, Tim and Goodfellow, Ian and Zaremba, Wojciech and Cheung, Vicki and Radford, Alec and Chen, Xi},
	year            = 2016,
	booktitle       = {Advances in Neural Information Processing Systems},
	pages           = {2234--2242},
	issn            = 10495258,
	url             = {https://github.com/openai/improved-gan.},
	archiveprefix   = {arXiv},
	arxivid         = {1606.03498},
	eprint          = {1606.03498},
	mendeley-groups = {OHD-GAN-misc,GAN}
}
@incollection{Vives-Boix2016-va,
	title           = {Personalised {Support} {System} for {Hypertensive} {Patients} {Based} on {Genetic} {Algorithms}},
	author          = {Vives-Boix, V{\'\i}ctor and Ruiz-Fern{\'a}ndez, Daniel and Soriano-Pay{\'a}, Antonio and Marcos-Jorquera, Diego and Gilart-Iglesias, Virgilio and de Ram{\'o}n-Fern{\'a}ndez, Alberto},
	year            = 2016,
	booktitle       = {Ubiquitous {Computing} and {Ambient} {Intelligence}},
	publisher       = {Springer International Publishing},
	address         = {Cham},
	series          = {Lecture Notes in Computer Science},
	volume          = 10069,
	pages           = {67--73},
	doi             = {10.1007/978-3-319-48746-5\_7},
	isbn            = {9783319487458, 9783319487465},
	issn            = {0302-9743, 1611-3349},
	url             = {http://link.springer.com/10.1007/978-3-319-48746-5\%5F7},
	editor          = {Garc{\'\i}a, Carmelo R and Caballero-Gil, Pino and Burmester, Mike and Quesada-Arencibia, Alexis}
}
@article{wright2016randomized,
	title           = {A randomized trial of intensive versus standard blood-pressure control.},
	author          = {Wright Jr, Jackson T and Whelton, Paul K and Reboussin, David M},
	year            = 2016,
	journal         = {The New England journal of medicine},
	volume          = 374,
	number          = 23,
	pages           = 2294
}
@article{Cowie_2016,
	title           = {Electronic health records to facilitate clinical research},
	author          = {Cowie, Martin R and Blomster, Juuso I and Curtis, Lesley H and Duclaux, Sylvie and Ford, Ian and Fritz, Fleur and Goldman, Samantha and Janmohamed, Salim and Kreuzer, J{\"{o}}rg and Leenay, Mark and Michel, Alexander and Ong, Seleen and Pell, Jill P and Southworth, Mary Ross and Stough, Wendy Gattis and Thoenes, Martin and Zannad, Faiez and Zalewski, Andrew},
	year            = 2016,
	month           = aug,
	journal         = {Clinical Research in Cardiology},
	publisher       = {Springer Science and Business Media {\{}LLC{\}}},
	volume          = 106,
	number          = 1,
	pages           = {1--9},
	doi             = {10.1007/s00392-016-1025-6},
	url             = {https://doi.org/10.1007{\%}2Fs00392-016-1025-6},
	mendeley-groups = {OHD-GAN-misc}
}
@inproceedings{Patki_2016,
	title           = {The synthetic data vault},
	author          = {Patki, Neha and Wedge, Roy and Veeramachaneni, Kalyan},
	year            = 2016,
	month           = dec,
	booktitle       = {Proceedings - 3rd IEEE International Conference on Data Science and Advanced Analytics, DSAA 2016},
	publisher       = {Institute of Electrical and Electronics Engineers Inc.},
	pages           = {399--410},
	doi             = {10.1109/dsaa.2016.49},
	isbn            = 9781509052066,
	url             = {https://doi.org/10.1109\%2Fdsaa.2016.49}
}
@article{Kappen_2016a,
	title           = {Prediction models},
	author          = {Teus H. Kappen and Linda M. Peelen},
	year            = 2016,
	month           = dec,
	journal         = {Current Opinion in Anaesthesiology},
	publisher       = {Ovid Technologies (Wolters Kluwer Health)},
	volume          = 29,
	number          = 6,
	pages           = {717--726},
	doi             = {10.1097/aco.0000000000000386},
	url             = {https://doi.org/10.1097\%2Faco.0000000000000386}
}
@article{chen2016-latentyeast,
	title           = {Learning a hierarchical representation of the yeast transcriptomic machinery using an autoencoder model},
	author          = {Chen, Lujia and Cai, Chunhui and Chen, Vicky and Lu, Xinghua},
	year            = 2016,
	month           = jan,
	journal         = {BMC Bioinformatics},
	publisher       = {BioMed Central},
	volume          = 17,
	number          = 1,
	pages           = {S9},
	doi             = {10.1186/s12859-015-0852-1},
	issn            = 14712105,
	url             = {http://bmcbioinformatics.biomedcentral.com/articles/10.1186/s12859-015-0852-1},
	pmid            = 26818848
}
@article{Johnson_2016,
	title           = {{{MIMIC}-{III} a freely accessible critical care database}},
	author          = {Alistair E.W. Johnson and Tom J. Pollard and Lu Shen and Li-wei H. Lehman and Mengling Feng and Mohammad Ghassemi and Benjamin Moody and Peter Szolovits and Leo Anthony Celi and Roger G. Mark},
	year            = 2016,
	month           = may,
	journal         = {Scientific Data},
	publisher       = {Springer Science and Business Media {LLC}},
	volume          = 3,
	number          = 1,
	doi             = {10.1038/sdata.2016.35},
	url             = {https://doi.org/10.1038\%2Fsdata.2016.35}
}
@article{Ledesma2016-hn,
	title           = {Health Figures: An Open Source {JavaScript} Library for Health Data Visualization},
	author          = {Ledesma, Andres and Al-Musawi, Mohammed and Nieminen, Hannu},
	year            = 2016,
	month           = may,
	journal         = {arXiv [cs.HC]},
	doi             = {10.1186/s12911-016-0275-6},
	url             = {http://dx.doi.org/10.1186/s12911-016-0275-6},
	archiveprefix   = {arXiv},
	eprint          = {1605.06043},
	primaryclass    = {cs.HC},
	arxivid         = {1605.06043}
}
@article{Kappen_2016,
	title           = {Prediction Model for In-hospital Mortality Should Accurately Predict the Risks of Patients Who Are Truly at Risk},
	author          = {Teus H. Kappen and Jonathan P. Wanderer and Linda M. Peelen and Karel G. M. Moons and Jesse M. Ehrenfeld},
	year            = 2016,
	month           = oct,
	journal         = {Anesthesiology},
	publisher       = {Ovid Technologies (Wolters Kluwer Health)},
	volume          = 125,
	number          = 4,
	pages           = {815--816},
	doi             = {10.1097/aln.0000000000001269},
	url             = {https://doi.org/10.1097\%2Faln.0000000000001269}
}
@article{antoniou2017data,
	title           = {Data augmentation generative adversarial networks},
	author          = {Antoniou, Antreas and Storkey, Amos and Edwards, Harrison},
	year            = 2017,
	journal         = {arXiv preprint arXiv:1711.04340}
}
@inproceedings{Choi2017-nt,
	title           = {Generating Multi-label Discrete Patient Records using Generative Adversarial Networks},
	author          = {Choi, Edward and Biswal, Siddharth and Malin, Bradley and Duke Jon and Stewart, Walter F and Sun, Jimeng},
	year            = 2017,
	booktitle       = {Proceedings of the 2nd Machine Learning for Healthcare Conference},
	publisher       = {Pmlr},
	series          = {Proceedings of Machine Learning Research},
	volume          = 68,
	pages           = {286--305},
	editor          = {Doshi-Velez, Finale and Fackler, Jim and Kale, David and Ranganath, Rajesh and Wallace, Byron and Wiens, Jenna}
}
@article{esteban2017real,
	title           = {Real-valued (medical) time series generation with recurrent conditional gans},
	author          = {Esteban, Cristobal and Hyland, Stephanie L and Ratsch, Gunnar},
	year            = 2017,
	journal         = {arXiv preprint arXiv:1706.02633}
}
@inproceedings{gulrajani2017improved,
	title           = {Improved training of wasserstein gans},
	author          = {Gulrajani, Ishaan and Ahmed, Faruk and Arjovsky, Martin and Dumoulin, Vincent and Courville, Aaron C},
	year            = 2017,
	booktitle       = {Advances in neural information processing systems},
	pages           = {5767--5777}
}
@inproceedings{Wolterink2017DeepMT,
	title           = {Deep MR to CT Synthesis Using Unpaired Data},
	author          = {J. Wolterink and Anna M. Dinkla and M. H. Savenije and P. Seevinck and C. V. D. Berg and I. Igum},
	year            = 2017,
	booktitle       = {Sashimi\@miccai}
}
@misc{hayes2017logan,
	title           = {LOGAN: Membership Inference Attacks Against Generative Models},
	author          = {Jamie Hayes and Luca Melis and George Danezis and Emiliano De Cristofaro},
	year            = 2017,
	eprint          = {1705.07663},
	archiveprefix   = {arXiv},
	primaryclass    = {cs.CR}
}
@misc{arjovsky2017wasserstein,
	title           = {Wasserstein GAN},
	author          = {Martin Arjovsky and Soumith Chintala and L\'{e}on Bottou},
	year            = 2017,
	eprint          = {1701.07875},
	archiveprefix   = {arXiv},
	primaryclass    = {stat.ML}
}
@misc{hjelm2017boundaryseeking,
	title           = {Boundary-Seeking Generative Adversarial Networks},
	author          = {R Devon Hjelm and Athul Paul Jacob and Tong Che and Adam Trischler and Kyunghyun Cho and Yoshua Bengio},
	year            = 2017,
	eprint          = {1702.08431},
	archiveprefix   = {arXiv},
	primaryclass    = {stat.ML}
}
@inproceedings{Xiao2017-lh,
	title           = {Wasserstein Learning of Deep Generative Point Process Models},
	author          = {Xiao, Shuai and Farajtabar, Mehrdad and Ye, Xiaojing and Yan Junchi and Song, Le and Zha, Hongyuan},
	year            = 2017,
	booktitle       = {Proceedings of the 31st International Conference on Neural Information Processing Systems},
	location        = {Long Beach, California, USA},
	publisher       = {Curran Associates Inc.},
	address         = {Red Hook, NY, USA},
	series          = {Nips\#39;17},
	pages           = {3250--3259}
}
@article{yahi2017generative,
	title           = {Generative adversarial networks for electronic health records: a framework for exploring and evaluating methods for predicting drug-induced laboratory test trajectories},
	author          = {Yahi, Alexandre and Vanguri, Rami and Elhadad, Noemie and Tatonetti, Nicholas P},
	year            = 2017,
	journal         = {arXiv preprint arXiv:1712.00164}
}
@misc{choi2017stargan,
	title           = {StarGAN: Unified Generative Adversarial Networks for Multi-Domain Image-to-Image Translation},
	author          = {Yunjey Choi and Minje Choi and Munyoung Kim and Jung-Woo Ha and Sunghun Kim and Jaegul Choo},
	year            = 2017,
	eprint          = {1711.09020},
	archiveprefix   = {arXiv},
	primaryclass    = {cs.CV}
}
@inproceedings{CycleGAN2017,
	title           = {Unpaired Image-to-Image Translation using Cycle-Consistent Adversarial Networkss},
	author          = {Zhu, Jun-Yan and Park, Taesung and Isola, Phillip and Efros, Alexei A},
	year            = 2017,
	booktitle       = {Computer Vision (ICCV), 2017 IEEE International Conference on}
}
@article{Kadurin_2017,
	title           = {{{druGAN}: An Advanced Generative Adversarial Autoencoder Model for de Novo Generation of New Molecules with Desired Molecular Properties in Silico}},
	author          = {Artur Kadurin and Sergey Nikolenko and Kuzma Khrabrov and Alex Aliper and Alex Zhavoronkov},
	year            = 2017,
	month           = aug,
	journal         = {Molecular Pharmaceutics},
	publisher       = {American Chemical Society ({ACS})},
	volume          = 14,
	number          = 9,
	pages           = {3098--3104},
	doi             = {10.1021/acs.molpharmaceut.7b00346},
	url             = {https://doi.org/10.1021\%2Facs.molpharmaceut.7b00346}
}
@article{Walonoski_2017,
	title           = {Synthea: An approach method, and software mechanism for generating synthetic patients and the synthetic electronic health care record},
	author          = {Jason Walonoski and Mark Kramer and Joseph Nichols and Andre Quina and Chris Moesel and Dylan Hall and Carlton Duffett and Kudakwashe Dube and Thomas Gallagher and Scott McLachlan},
	year            = 2017,
	month           = aug,
	journal         = {Journal of the American Medical Informatics Association},
	publisher       = {Oxford University Press ({OUP})},
	volume          = 25,
	number          = 3,
	pages           = {230--238},
	doi             = {10.1093/jamia/ocx079},
	url             = {https://doi.org/10.1093\%2Fjamia\%2Focx079}
}
@article{Kim_2017,
	title           = {Data modeling versus simulation modeling in the big data era: case study of a greenhouse control system},
	author          = {Byeong Soo Kim and Bong Gu Kang and Seon Han Choi and Tag Gon Kim},
	year            = 2017,
	month           = jun,
	journal         = {Simulation},
	publisher       = {{SAGE} Publications},
	volume          = 93,
	number          = 7,
	pages           = {579--594},
	doi             = {10.1177/0037549717692866},
	url             = {https://doi.org/10.1177\%2F0037549717692866}
}
@article{Gondara2017,
	title           = {MIDA: Multiple Imputation using Denoising Autoencoders},
	author          = {Lovedeep Gondara and Ke Wang},
	year            = 2017,
	month           = may,
	archiveprefix   = {arXiv},
	eprint          = {1705.02737},
	primaryclass    = {cs.LG},
	priority        = {prio3},
	timestamp       = {2020-10-23}
}
@inproceedings{Prasser2017,
	title           = {A Tool for Optimizing De-identified Health Data for Use in Statistical Classification},
	author          = {Prasser, Fabian and Eicher, Johanna and Bild, Raffael and Spengler, Helmut and Kuhn, Klaus A.},
	year            = 2017,
	month           = nov,
	booktitle       = {Proceedings - IEEE Symposium on Computer-Based Medical Systems},
	publisher       = {Institute of Electrical and Electronics Engineers Inc.},
	volume          = {2017-June},
	pages           = {169--174},
	doi             = {10.1109/cbms.2017.105},
	isbn            = 9781538617106,
	issn            = 10637125,
	mendeley-groups = {OHD-GAN-misc}
}
@inproceedings{Che_2017,
	title           = {Boosting Deep Learning Risk Prediction with Generative Adversarial Networks for Electronic Health Records},
	author          = {Zhengping Che and Yu Cheng and Shuangfei Zhai and Zhaonan Sun and Yan Liu},
	year            = 2017,
	month           = nov,
	booktitle       = {2017 {IEEE} International Conference on Data Mining ({ICDM})},
	publisher       = {Ieee},
	doi             = {10.1109/icdm.2017.93},
	url             = {https://doi.org/10.1109\%2Ficdm.2017.93}
}
@inproceedings{Zhu_2017,
	title           = {Unpaired Image-to-Image Translation Using Cycle-Consistent Adversarial Networks},
	author          = {Jun-Yan Zhu and Taesung Park and Phillip Isola and Alexei A. Efros},
	year            = 2017,
	month           = oct,
	booktitle       = {2017 {IEEE} International Conference on Computer Vision ({ICCV})},
	publisher       = {Ieee},
	doi             = {10.1109/iccv.2017.244},
	url             = {https://doi.org/10.1109\%2Ficcv.2017.244}
}
@article{Papernot2017,
	title           = {Semi-supervised knowledge transfer for deep learning from private training data},
	author          = {Papernot, Nicolas and Goodfellow, Ian and Abadi, Mart{\'{i}}n and Talwar, Kunal and Erlingsson, {\'{U}}lfar},
	year            = 2017,
	month           = oct,
	journal         = {5th International Conference on Learning Representations, ICLR 2017 - Conference Track Proceedings},
	publisher       = {International Conference on Learning Representations, ICLR},
	url             = {http://arxiv.org/abs/1610.05755},
	archiveprefix   = {arXiv},
	arxivid         = {1610.05755},
	eprint          = {1610.05755},
	mendeley-groups = {Ohd-gan}
}
@misc{yang2018unpaired,
	title           = {Unpaired Brain MR-to-CT Synthesis using a Structure-Constrained CycleGAN},
	author          = {Heran Yang and Jian Sun and Aaron Carass and Can Zhao and Junghoon Lee and Zongben Xu and Jerry Prince},
	year            = 2018,
	eprint          = {1809.04536},
	archiveprefix   = {arXiv},
	primaryclass    = {cs.CV}
}
@incollection{Hu2018,
	title           = {Deep Generative Models with Learnable Knowledge Constraints},
	author          = {Hu, Zhiting and Yang, Zichao and Salakhutdinov, Russ R and Qin, LIANHUI and Liang, Xiaodan and Dong, Haoye and Xing, Eric P},
	year            = 2018,
	booktitle       = {Advances in Neural Information Processing Systems 31},
	publisher       = {Curran Associates, Inc.},
	pages           = {10501--10512},
	url             = {http://papers.nips.cc/paper/8250-deep-generative-models-with-learnable-knowledge-constraints.pdf},
	editor          = {S. Bengio and H. Wallach and H. Larochelle and K. Grauman and N. Cesa-Bianchi and R. Garnett}
}
@techreport{klb2008,
	title           = {CS412 2.4.8 Kullback-Leibler Divergence},
	author          = {Jiawei, Han},
	year            = 2018,
	url             = {http://hanj.cs.illinois.edu/cs412/},
	institution     = {Univ. of Illinois at Urbana-Champaign},
	mendeley-groups = {OHD-GAN-misc}
}
@misc{yoon2018imputation,
	title           = {GAIN: Missing Data Imputation using Generative Adversarial Nets},
	author          = {Jinsung Yoon and James Jordon and Mihaela van der Schaar},
	year            = 2018,
	eprint          = {1806.02920},
	archiveprefix   = {arXiv},
	primaryclass    = {cs.LG}
}
@misc{fu2018learning,
	title           = {Learning Robust Rewards with Adversarial Inverse Reinforcement Learning},
	author          = {Justin Fu and Katie Luo and Sergey Levine},
	year            = 2018,
	archiveprefix   = {arXiv},
	eprint          = {1710.11248},
	groups          = {tep},
	primaryclass    = {cs.LG},
	timestamp       = {2020-10-22}
}
@article{mcdermott2018semi,
	title           = {Semi-supervised biomedical translation with cycle wasserstein regression GANs},
	author          = {McDermott, Matthew and Yan, Tom and Naumann, Tristan and Hunt, Nathan and Suresh, Harini S and Szolovits, Peter and Ghassemi, Marzyeh},
	year            = 2018
}
@misc{noone2018cronin,
	title           = {Cronin (eds) KA. SEER Cancer Statistics Review. 1975--2015, National Cancer Institute},
	author          = {Noone, AM and Howlader, N and Krapcho, M and Miller, D and Brest, A and Yu, M and Ruhl, J and Tatalovich, Z and Mariotto, A and Lewis, DR and others},
	year            = 2018
}
@inproceedings{Papernot2018,
	title           = {Scalable private learning with pate},
	author          = {Papernot, Nicolas and Song, Shuang and Mironov, Ilya and Raghunathan, Ananth and Talwar, Kunal and Erlingsson, {\'{U}}lfar},
	year            = 2018,
	booktitle       = {6th International Conference on Learning Representations, ICLR 2018 - Conference Track Proceedings},
	url             = {https://arxiv.org/abs/1802.08908},
	mendeley-groups = {OHD-GAN-misc}
}
@article{pollard2018eicu,
	title           = {The eICU Collaborative Research Database, a freely available multi-center database for critical care research},
	author          = {Pollard, Tom J and Johnson, Alistair EW and Raffa, Jesse D and Celi, Leo A and Mark, Roger G and Badawi, Omar},
	year            = 2018,
	journal         = {Scientific data},
	publisher       = {Nature Publishing Group},
	volume          = 5,
	pages           = 180178
}
@phdthesis{Raisaro2018-gv,
	title           = {{Privacy-Enhancing} Technologies for Medical and Genomic Data: From Theory to Practice},
	author          = {Raisaro, Jean Louis},
	year            = 2018,
	publisher       = {Lausanne, EPFL},
	doi             = {10.5075/epfl-thesis-8307},
	url             = {http://dx.doi.org/10.5075/EPFL-THESIS-8307},
	editor          = {Amalio, Hubaux, Jean-Pierre Telenti,},
	school          = {Lausanne, EPFL}
}
@misc{Sarkar2018,
	title           = {Synthetic data generation -- a must-have skill for new data scientists},
	author          = {Sarkar, Tirthajyoti},
	year            = 2018,
	url             = {https://towardsdatascience.com/synthetic-data-generation-a-must-have-skill-for-new-data-scientists-915896c0c1ae},
	urldate         = {2020-10-06},
	mendeley-groups = {GAN,OHD-GAN-misc}
}
@article{snyder2018best,
	title           = {The best digital biomarkers papers of 2017},
	author          = {Snyder, Christopher W and Dorsey, E Ray and Atreja, Ashish},
	year            = 2018,
	journal         = {Digital Biomarkers},
	publisher       = {Karger Publishers},
	volume          = 2,
	number          = 2,
	pages           = {64--73}
}
@article{Xiao2018-aj,
	title           = {Learning conditional generative models for temporal point processes},
	author          = {Xiao, S and Xu, H and Yan, J and Farajtabar, M and Yang, X and {others}},
	year            = 2018,
	journal         = {Thirty-Second AAAI},
	publisher       = {aaai.org}
}
@inproceedings{Yoon2018-radial,
	title           = {{{RadialGAN}: Leveraging multiple datasets to improve target-specific predictive models using Generative Adversarial Networks}},
	author          = {Yoon, Jinsung and Jordon, James and Schaar, Mihaela},
	year            = 2018,
	booktitle       = {International Conference on Machine Learning},
	publisher       = {proceedings.mlr.press},
	pages           = {5685--5693}
}
@article{Yousefi2018-dy,
	title           = {Simulating the behavior of patients who leave a public hospital emergency department without being seen by a physician: a cellular automaton and agent-based framework},
	author          = {Yousefi, Milad and Yousefi, Moslem and Fogliatto, F S and Ferreira, R P M and Kim, J H},
	year            = 2018,
	month           = {"11~" \# jan},
	journal         = {Braz. J. Med. Biol. Res.},
	volume          = 51,
	number          = 3,
	pages           = {e6961},
	doi             = {10.1590/1414-431x20176961},
	issn            = {0100-879x, 1414-431x},
	url             = {http://dx.doi.org/10.1590/1414-431X20176961},
	affiliation     = {Departamento de Engenharia de Produ{\c c}{\~a}o e Transportes, Universidade Federal do Rio Grande do Sul, Porto Alegre, RS, Brasil. Department of Mechanical Engineering, Roudehen Branch, Islamic Azad University, Roudehen, Iran. Departamento de Engenharia Mec{\^a}nica, Universidade Federal de Minas Gerais, Belo Horizonte, MG, Brasil. School of Civil, Environmental and Architectural Engineering, Korea University, Seoul, Republic of Korea.},
	pmid            = 29340526,
	pmc             = {Pmc5769760}
}
@article{Kansal2018-dx,
	title           = {Alzheimer's disease {Archimedes} condition-event simulator: {Development} and validation},
	author          = {Kansal, Anuraag R and Tafazzoli, Ali and Ishak, K Jack and Krotneva, Stanmira},
	year            = 2018,
	month           = {"16~" \# feb},
	journal         = {Alzheimers. Dement.},
	volume          = 4,
	pages           = {76--88},
	doi             = {10.1016/j.trci.2018.01.001},
	issn            = {1552-5260, 2352-8737},
	url             = {http://dx.doi.org/10.1016/j.trci.2018.01.001},
	affiliation     = {Modeling and Simulation, Evidera, Bethesda, MD, USA. Modeling and Simulation, Evidera, St-Laurent, Quebec, Canada.},
	pmid            = 29687076,
	pmc             = {Pmc5910516}
}
@unpublished{Laderas2018-lk,
	title           = {Teaching data science fundamentals through realistic synthetic clinical cardiovascular data},
	author          = {Laderas, Ted and Vasilevsky, Nicole and Pederson, Bjorn and Haendel, Melissa and McWeeney, Shannon and Dorr, David A},
	year            = 2018,
	month           = {"21~" \# apr},
	url             = {https://www.biorxiv.org/content/10.1101/232611v2}
}
@article{baowaly_2019_jamia,
	title           = {Synthesizing electronic health records using improved generative adversarial networks},
	author          = {Baowaly, Mrinal Kanti and Lin, Chia-Ching and Liu, Chao-Lin and Chen, Kuan-Ta},
	year            = 2018,
	month           = 12,
	journal         = {Journal of the American Medical Informatics Association},
	volume          = 26,
	number          = 3,
	pages           = {228--241},
	doi             = {10.1093/jamia/ocy142},
	issn            = {1527-974x},
	url             = {https://doi.org/10.1093/jamia/ocy142},
	eprint          = {https://academic.oup.com/jamia/article-pdf/26/3/228/27642536/ocy142.pdf}
}
@article{laderas_teaching_2018,
	title           = {Teaching data science fundamentals through realistic synthetic clinical cardiovascular data},
	author          = {Laderas, Ted and Vasilevsky, Nicole and Pederson, Bjorn and Haendel, Melissa and McWeeney, Shannon and Dorr, David A.},
	year            = 2018,
	month           = apr,
	journal         = {bioRxiv},
	pages           = 232611,
	doi             = {10/ghfdmc},
	url             = {10/ghfdmc},
	urldate         = {2020-10-12},
	copyright       = {\textcopyright{} 2018, Posted by Cold Spring Harbor Laboratory. This pre-print is available under a Creative Commons License (Attribution-NonCommercial 4.0 International), CC BY-NC 4.0, as described at http://creativecommons.org/licenses/by-nc/4.0/}
}
@inproceedings{Frid_Adar_2018,
	title           = {{Synthetic data augmentation using {GAN} for improved liver lesion classification}},
	author          = {Maayan Frid-Adar and Eyal Klang and Michal Amitai and Jacob Goldberger and Hayit Greenspan},
	year            = 2018,
	month           = apr,
	booktitle       = {2018 {IEEE} 15th International Symposium on Biomedical Imaging ({ISBI} 2018)},
	publisher       = {Ieee},
	doi             = {10.1109/isbi.2018.8363576},
	url             = {https://doi.org/10.1109\%2Fisbi.2018.8363576}
}
@misc{VanBalveren2018,
	title           = {Impact of interactions between drugs and laboratory test results on diagnostic test interpretation-a systematic review},
	author          = {{Van Balveren}, Jasmijn A. and {Verboeket-Van De Venne}, Wilhelmine P.H.G. and Erdem-Eraslan, Lale and {De Graaf}, Albert J. and Loot, Annemarieke E. and Musson, Ruben E.A. and Oosterhuis, Wytze P. and Schuijt, Martin P. and {Van Der Sijs}, Heleen and Verheul, Rolf J. and {De Wolf}, Holger K. and Kusters, Ron and Hoedemakers, Rein M.J.},
	year            = 2018,
	month           = dec,
	booktitle       = {Clinical Chemistry and Laboratory Medicine},
	publisher       = {De Gruyter},
	volume          = 56,
	number          = 12,
	pages           = {2004--2009},
	doi             = {10.1515/cclm-2018-0900},
	issn            = 14374331,
	url             = {http://orcid.org/0000-0001-5451-3010},
	pmid            = 30332390
}
@unpublished{Yoon2018-ite,
	title           = {{{{GANITE}}: Estimation of Individualized Treatment Effects using Generative Adversarial Nets}},
	author          = {Yoon, Jinsung and Jordon, James and van der Schaar, Mihaela},
	year            = 2018,
	month           = feb
}
@article{Camino2018-re,
	title           = {{Generating {Multi-Categorical} Samples with Generative Adversarial Networks}},
	author          = {Camino, Ramiro and Hammerschmidt, Christian and {Radu State}},
	year            = 2018,
	month           = jul,
	archiveprefix   = {arXiv},
	primaryclass    = {stat.ML},
	eprint          = {1807.01202}
}
@article{Xiao_2018_chall,
	title           = {Opportunities and challenges in developing deep learning models using electronic health records data: a systematic review},
	author          = {Cao Xiao and Edward Choi and Jimeng Sun},
	year            = 2018,
	month           = jun,
	journal         = {Journal of the American Medical Informatics Association},
	publisher       = {Oxford University Press ({OUP})},
	volume          = 25,
	number          = 10,
	pages           = {1419--1428},
	doi             = {10.1093/jamia/ocy068},
	url             = {https://doi.org/10.1093\%2Fjamia\%2Focy068}
}
@article{Hartmann2018,
	title           = {{EEG}-{GAN}: {Generative} adversarial networks for electroencephalograhic ({EEG}) brain signals},
	author          = {Hartmann, Kay Gregor and Schirrmeister, Robin Tibor and Ball, Tonio},
	year            = 2018,
	month           = jun,
	timestamp       = {2020-10-23}
}
@article{Ta_2018,
	title           = {Columbia Open Health Data clinical concept prevalence and co-occurrence from electronic health records},
	author          = {Casey N. Ta and Michel Dumontier and George Hripcsak and Nicholas P. Tatonetti and Chunhua Weng},
	year            = 2018,
	month           = nov,
	journal         = {Scientific Data},
	publisher       = {Springer Science and Business Media {LLC}},
	volume          = 5,
	number          = 1,
	doi             = {10.1038/sdata.2018.273},
	url             = {https://doi.org/10.1038\%2Fsdata.2018.273}
}
@article{Su2018,
	title           = {Training Generative Adversarial Networks Via Turing Test},
	author          = {Su, Jianlin},
	year            = 2018,
	month           = oct,
	url             = {http://arxiv.org/abs/1810.10948},
	archiveprefix   = {arXiv},
	arxivid         = {1810.10948},
	eprint          = {1810.10948},
	mendeley-groups = {OHD-GAN-misc}
}
@article{Anwar_2018,
	title           = {Medical Image Analysis using Convolutional Neural Networks: A Review},
	author          = {Syed Muhammad Anwar and Muhammad Majid and Adnan Qayyum and Muhammad Awais and Majdi Alnowami and Muhammad Khurram Khan},
	year            = 2018,
	month           = oct,
	journal         = {Journal of Medical Systems},
	publisher       = {Springer Science and Business Media {LLC}},
	volume          = 42,
	number          = 11,
	doi             = {10.1007/s10916-018-1088-1},
	url             = {https://doi.org/10.1007\%2Fs10916-018-1088-1}
}
@inproceedings{Petzka2018,
	title           = {On the regularization of Wasserstein GaNs},
	author          = {Petzka, Henning and Fischer, Asja and Lukovnikov, Denis},
	year            = 2018,
	month           = sep,
	booktitle       = {6th International Conference on Learning Representations, ICLR 2018 - Conference Track Proceedings},
	publisher       = {International Conference on Learning Representations, ICLR},
	url             = {https://arxiv.org/abs/1709.08894},
	archiveprefix   = {arXiv},
	arxivid         = {1709.08894},
	eprint          = {1709.08894},
	mendeley-groups = {OHD-GAN-misc}
}
@inproceedings{angulo2019towards,
	title           = {Towards a healthcare digital twin},
	author          = {Angulo Bahon, Cecilio and Ortega Ramirez, Juan Antonio and Gonzalez Abril, Luis},
	year            = 2019,
	booktitle       = {Artificial Intelligence Research and Development vol. 319},
	pages           = {312--315},
	organization    = {IOS Press}
}
@article{Aznan2019,
	title           = {Simulating {Brain} {Signals}: {Creating} {Synthetic} {EEG} {Data} via {Neural}-{Based} {Generative} {Models} for {Improved} {SSVEP} {Classification}},
	author          = {Aznan, N K N and Atapour-Abarghouei, A and Bonner, S},
	year            = 2019,
	journal         = {arXiv preprint arXiv},
	url             = {https://arxiv.org/abs/1901.07429 All Papers/A/Aznan et al. 2019 - Simulating Brain Signals - Creating Synthetic EEG Data via Neural-Based Generative Models for Improved - SSVEP Classification.pdf},
	timestamp       = {2020-10-23}
}
@article{bellovin2019privacy,
	title           = {Privacy and synthetic datasets},
	author          = {Bellovin, Steven M and Dutta, Preetam K and Reitinger, Nathan},
	year            = 2019,
	journal         = {Stan. Tech. L. Rev.},
	publisher       = {HeinOnline},
	volume          = 22,
	pages           = 1
}
@inproceedings{chu2019treatment,
	title           = {Treatment Effect Prediction with Generative Adversarial Networks Using Electronic Health Records.},
	author          = {Chu, Jiebin and Dong, Wei and Huang, Zhengxing},
	year            = 2019,
	booktitle       = {Sepda\@ Iswc},
	pages           = {53--57}
}
@article{coravos2019developing,
	title           = {Developing and adopting safe and effective digital biomarkers to improve patient outcomes},
	author          = {Coravos, Andrea and Khozin, Sean and Mandl, Kenneth D},
	year            = 2019,
	journal         = {NPJ digital medicine},
	publisher       = {Nature Publishing Group},
	volume          = 2,
	number          = 1,
	pages           = {1--5}
}
@article{cui2019conan,
	title           = {CONAN: Complementary Pattern Augmentation for Rare Disease Detection},
	author          = {Cui, Limeng and Biswal, Siddharth and Glass, Lucas M and Lever, Greg and Sun, Jimeng and Xiao, Cao},
	year            = 2019,
	journal         = {arXiv preprint arXiv:1911.13232}
}
@article{dahmen_synsys_2019,
	title           = {{SynSys}: {A} {Synthetic} {Data} {Generation} {System} for {Healthcare} {Applications}},
	author          = {Dahmen, Jessamyn and Cook, Diane},
	year            = 2019,
	journal         = {Sensors},
	volume          = 19,
	number          = 5,
	doi             = {10.3390/s19051181},
	issn            = {1424-8220},
	url             = {http://dx.doi.org/10.3390/s19051181 https://www.ncbi.nlm.nih.gov/pubmed/30857130 https://www.ncbi.nlm.nih.gov/pmc/articles/PMC6427177 http://www.mdpi.com/resolver?pii=s19051181 https://www.ncbi.nlm.nih.gov/pmc/articles/PMC6427177/ All Papers/D/Dahmen and Cook 2019 - SynSys - A Synthetic Data Generation System for Healthcare Applications.pdf}
}
@inproceedings{de2019gru,
	title           = {GRU-ODE-Bayes: Continuous modeling of sporadically-observed time series},
	author          = {De Brouwer, Edward and Simm, Jaak and Arany, Adam and Moreau, Yves},
	year            = 2019,
	booktitle       = {Advances in Neural Information Processing Systems},
	pages           = {7377--7388}
}
@misc{chen2019ganleaks,
	title           = {GAN-Leaks: A Taxonomy of Membership Inference Attacks against Generative Models},
	author          = {Dingfan Chen and Ning Yu and Yang Zhang and Mario Fritz},
	year            = 2019,
	eprint          = {1909.03935},
	archiveprefix   = {arXiv},
	primaryclass    = {cs.LG}
}
@misc{Dua:2019,
	title           = {{{UCI} Machine Learning Repository}},
	author          = {Dua, Dheeru and Graff, Casey},
	year            = 2019,
	url             = {http://archive.ics.uci.edu/ml},
	institution     = {University of California, Irvine, School of Information and Computer Sciences}
}
@misc{Haupt2019,
	title           = {Causal Machine Learning: Individualized Treatment Effects and Uplift Modeling},
	author          = {Haupt, Johannes},
	year            = 2019,
	booktitle       = {remerge.io},
	url             = {https://johaupt.github.io/causal\%20machine\%20learning/Uplift\%5FITE\%5Fsummary.html}
}
@inproceedings{Jordon2019,
	title           = {PATE-GaN: Generating synthetic data with differential privacy guarantees},
	author          = {Jordon, James and Yoon, Jinsung and {Van Der Schaar}, Mihaela},
	year            = 2019,
	booktitle       = {7th International Conference on Learning Representations, ICLR 2019},
	publisher       = {International Conference on Learning Representations, ICLR},
	mendeley-groups = {Ohd-gan}
}
@unpublished{yu2019rare,
	title           = {Rare Disease Detection by Sequence Modeling with Generative Adversarial Networks},
	author          = {Kezi Yu and Yunlong Wang and Yong Cai and Cao Xiao and Emily Zhao and Lucas Glass and Jimeng Sun},
	year            = 2019,
	eprint          = {1907.01022},
	archiveprefix   = {arXiv},
	primaryclass    = {cs.LG}
}
@incollection{Wang_2019,
	title           = {Continuous Patient-Centric Sequence Generation via Sequentially Coupled Adversarial Learning},
	author          = {Lu Wang and Wei Zhang and Xiaofeng He},
	year            = 2019,
	booktitle       = {Database Systems for Advanced Applications},
	publisher       = {Springer International Publishing},
	pages           = {36--52},
	doi             = {10.1007/978-3-030-18579-4\_3},
	url             = {https://doi.org/10.1007\%2F978-3-030-18579-4\%5F3}
}
@inproceedings{baowaly_2019_IEEE,
	title           = {Realistic Data Synthesis Using Enhanced Generative Adversarial Networks},
	author          = {M. K. {Baowaly} and C. {Liu} and K. {Chen}},
	year            = 2019,
	booktitle       = {2019 IEEE Second International Conference on Artificial Intelligence and Knowledge Engineering (AIKE)},
	pages           = {289--292}
}
@inproceedings{mattei2019miwae,
	title           = {MIWAE: Deep generative modelling and imputation of incomplete data sets},
	author          = {Mattei, Pierre-Alexandre and Frellsen, Jes},
	year            = 2019,
	booktitle       = {International Conference on Machine Learning},
	pages           = {4413--4423},
	priority        = {prio3}
}
@inproceedings{rubanova2019latent,
	title           = {Latent Ordinary Differential Equations for Irregularly-Sampled Time Series},
	author          = {Rubanova, Yulia and Chen, Tian Qi and Duvenaud, David K},
	year            = 2019,
	booktitle       = {Advances in Neural Information Processing Systems},
	pages           = {5321--5331}
}
@article{abbasi2019odeling,
	title           = {Modeling Teacher-Student Techniques in Deep Neural Networks for Knowledge Distillation},
	author          = {Sajjad Abbasi and Mohsen Hajabdollahi and Nader Karimi and Shadrokh Samavi},
	year            = 2019,
	journal         = {arXiv preprint arXiv:1912.13179}
}
@misc{dash2019synthetic,
	title           = {Synthetic Event Time Series Health Data Generation},
	author          = {Saloni Dash and Ritik Dutta and Isabelle Guyon and Adrien Pavao and Andrew Yale and Kristin P. Bennett},
	year            = 2019,
	eprint          = {1911.06411},
	archiveprefix   = {arXiv},
	primaryclass    = {cs.LG}
}
@article{severo2019ward2icu,
	title           = {Ward2ICU: A Vital Signs Dataset of Inpatients from the General Ward},
	author          = {Severo, Daniel and Amaro, Fl{\'a}vio and Hruschka Jr, Estevam R and Costa, Andr{\'e} Soares de Moura},
	year            = 2019,
	journal         = {arXiv preprint arXiv:1910.00752}
}

@article{Cosgriff_2020,
  title={Data sharing in the era of COVID-19},
  author={Cosgriff, Christopher V and Ebner, Daniel K and Celi, Leo Anthony},
  journal={The Lancet Digital Health},
  volume={2},
  number={5},
  pages={e224},
  year={2020},
  publisher={Elsevier}
}

@article{tanti2019,
	title           = {Differentially Private Mixed-Type Data Generation For Unsupervised Learning},
	author          = {Tantipongpipat, Uthaipon and Waites, Chris and Boob, Digvijay and Siva, Amaresh Ankit and Cummings, Rachel},
	year            = 2019,
	journal         = {undefined},
	publisher       = {arxiv.org},
	url             = {http://arxiv.org/abs/1912.03250},
	archiveprefix   = {arXiv},
	arxivid         = {1912.03250},
	eprint          = {1912.03250},
	mendeley-groups = {Review-Todo,OHD-GAN}
}
@article{torfi2019generating,
	title           = {Generating Synthetic Healthcare Records Using Convolutional Generative Adversarial Networks},
	author          = {Torfi, Amirsina and Beyki, Mohammadreza},
	year            = 2019,
	publisher       = {Virginia Tech}
}
@article{hwang2019exagan,
	title           = {HexaGAN: Generative Adversarial Nets for Real World Classification},
	author          = {Uiwon Hwang and Dahuin Jung and Sungroh Yoon},
	year            = 2019,
	journal         = {arXiv preprint arXiv:1902.09913},
	groups          = {GANs general},
	priority        = {prio3},
	timestamp       = {2020-10-23}
}
@article{Wang2019d,
	title           = {{ECG} arrhythmias detection using auxiliary classifier generative adversarial network and residual network},
	author          = {Wang, Pu and Hou, Borui and Shao, Siyu and Yan, Ruqiang},
	year            = 2019,
	journal         = {IEEE access : practical innovations, open solutions},
	volume          = 7,
	pages           = {100910--100922},
	timestamp       = {2020-10-23}
}
@incollection{Wu2019-ui,
	title           = {Generalization in Generative Adversarial Networks: A Novel Perspective from Privacy Protection},
	author          = {Wu, Bingzhe and Zhao, Shiwan and Chen, Chaochao and Xu, Haoyang and Wang, Li and Zhang, Xiaolu and Sun, Guangyu and Zhou, Jun},
	year            = 2019,
	booktitle       = {Advances in Neural Information Processing Systems 32},
	publisher       = {Curran Associates, Inc.},
	pages           = {307--317},
	editor          = {Wallach, H and Larochelle, H and Beygelzimer, A and Alche-Buc, F and Fox, E and Garnett, R}
}
@incollection{Xu2019-ay,
	title           = {{Modeling Tabular data using Conditional {GAN}}},
	author          = {Xu, Lei and Skoularidou, Maria and Cuesta-Infante, Alfredo and Veeramachaneni, Kalyan},
	year            = 2019,
	booktitle       = {Advances in Neural Information Processing Systems 32},
	publisher       = {Curran Associates, Inc.},
	pages           = {7335--7345},
	url             = {http://papers.nips.cc/paper/8953-modeling-tabular-data-using-conditional-gan.pdf},
	editor          = {Wallach, H and Larochelle, H and Beygelzimer, A and d'Alche-Buc, F and Fox, E and Garnett, R}
}
@incollection{p2019,
	title           = {Assessing Privacy and Quality of Synthetic Health Data},
	author          = {Yale, Andrew and Dash, Saloni and Dutta, Ritik and Guyon, Isabelle and Pavao, Adrien and Bennett, Kristin P.},
	year            = 2019,
	booktitle       = {Proceedings of the Conference on Artificial Intelligence for Data Discovery and Reuse},
	publisher       = {Association for Computing Machinery}
}
@article{Yang_2019_cdss,
	title           = {GAN-Based semi-supervised learning approach for clinical decision support in health-IoT platform},
	author          = {Yang, Yun and Nan, Fengtao and Yang, Po and Meng, Qiang and Xie, Yingfu and Zhang, Dehai and Muhammad, Khan},
	year            = 2019,
	journal         = {IEEE Access},
	volume          = 7,
	pages           = {8048--8057},
	doi             = {10.1109/access.2018.2888816},
	issn            = 21693536,
	mendeley-groups = {Phylogenetics,OHD-GAN}
}
@article{Ye2019,
	title           = {{ECG} {Generation} {With} {Sequence} {Generative} {Adversarial} {Nets} {Optimized} by {Policy} {Gradient}},
	author          = {Ye, F. and Zhu, F. and Fu, Y. and Shen, B.},
	year            = 2019,
	journal         = {IEEE Access},
	publisher       = {Institute of Electrical and Electronics Engineers ({IEEE})},
	volume          = 7,
	pages           = {159369--159378},
	doi             = {10.1109/access.2019.2950383},
	issn            = {2169-3536},
	timestamp       = {2020-10-23}
}
@article{Bonnery2019-ug,
	title           = {The {Promise} and {Limitations} of {Synthetic} {Data} as a {Strategy} to {Expand} {Access} to {State}-{Level} {Multi}-{Agency} {Longitudinal} {Data}},
	author          = {Bonn{\'e}ry, Daniel and Feng, Yi and Henneberger, Angela K and Johnson, Tessa L and Lachowicz, Mark and Rose, Bess A and Shaw, Terry and Stapleton, Laura M and Woolley, Michael E and Zheng, Yating},
	year            = 2019,
	month           = {"2~" \# oct},
	journal         = {J. Res. Educ. Eff.},
	publisher       = {Routledge},
	volume          = 12,
	number          = 4,
	pages           = {616--647},
	doi             = {10.1080/19345747.2019.1631421},
	issn            = {1934-5747},
	url             = {https://doi.org/10.1080/19345747.2019.1631421}
}
@article{Chen2019-mh,
	title           = {Distributed generation of privacy preserving data with user customization},
	author          = {Chen, Xiao and Navidi, Thomas and Ermon, Stefano and Rajagopal, Ram},
	year            = 2019,
	month           = {"20~" \# apr},
	url             = {http://arxiv.org/abs/1904.09415},
	archiveprefix   = {arXiv},
	eprint          = {1904.09415},
	primaryclass    = {cs.LG},
	arxivid         = {1904.09415}
}
@article{Cheu2019-vh,
	title           = {Manipulation Attacks in Local Differential Privacy},
	author          = {Cheu, Albert and Smith, Adam and Ullman, Jonathan},
	year            = 2019,
	month           = {"20~" \# sep},
	url             = {http://arxiv.org/abs/1909.09630},
	archiveprefix   = {arXiv},
	eprint          = {1909.09630},
	primaryclass    = {cs.DS},
	arxivid         = {1909.09630}
}
@inproceedings{yale:hal-02160496,
	title           = {Privacy Preserving Synthetic Health Data},
	author          = {Yale, Andrew and Dash, Saloni and Dutta, Ritik and Guyon, Isabelle and Pavao, Adrien and Bennett, Kristin P},
	year            = 2019,
	month           = apr,
	booktitle       = {ESANN 2019 - European Symposium on Artificial Neural Networks, Computational Intelligence and Machine Learning},
	address         = {Bruges, Belgium},
	url             = {https://hal.inria.fr/hal-02160496},
	pdf             = {https://hal.inria.fr/hal-02160496/file/ESANN\_2019.pdf},
	hal_id          = {hal-02160496},
	hal_version     = {v1}
}
@inproceedings{yale2019ESANN,
	title           = {Privacy preserving synthetic health data},
	author          = {Yale, Andrew and Dash, Saloni and Dutta, Ritik and Guyon, Isabelle and Pavao, Adrien and Bennett, Kristin P.},
	year            = 2019,
	month           = apr,
	booktitle       = {ESANN 2019 - Proceedings, 27th European Symposium on Artificial Neural Networks, Computational Intelligence and Machine Learning},
	address         = {Bruges, Belgium},
	pages           = {465--470},
	isbn            = 9782875870650,
	url             = {https://hal.inria.fr/hal-02160496},
	mendeley-groups = {Ohd-gan}
}
@inproceedings{Kaur_2019,
	title           = {{Seismic data interpolation using {CycleGAN}}},
	author          = {Harpreet Kaur and Nam Pham and Sergey Fomel},
	year            = 2019,
	month           = aug,
	booktitle       = {{SEG} Technical Program Expanded Abstracts 2019},
	publisher       = {Society of Exploration Geophysicists},
	doi             = {10.1190/segam2019-3207424.1},
	url             = {https://doi.org/10.1190\%2Fsegam2019-3207424.1}
}
@conference{chin2019generation,
	title           = {Generation of Heterogeneous Synthetic Electronic Health Records using GANs},
	author          = {Chin-Cheong, Kieran and Sutter, Thomas and Vogt, Julia E},
	year            = 2019,
	month           = dec,
	booktitle       = {Workshop on Machine Learning for Health (ML4H) at the 33rd Conference on Neural Information Processing Systems (NeurIPS 2019)},
	doi             = {10.3929/ethz-b-000392473},
	url             = {https://doi.org/10.3929/ethz-b-000392473},
	editor          = {{ETH Zurich}, Institute for Machine Learning},
	mendeley-groups = {Ohd-gan}
}
@article{Mukherjee2019-vu,
	title           = {{Protecting {GANs} against privacy attacks by preventing overfitting}},
	author          = {Mukherjee, Sumit and Xu, Yixi and Trivedi, Anusua and Ferres, Juan Lavista},
	year            = 2019,
	month           = dec,
	archiveprefix   = {arXiv},
	primaryclass    = {cs.LG},
	eprint          = {2001.00071}
}
@article{Yi_2019,
	title           = {Generative adversarial network in medical imaging: A review},
	author          = {Xin Yi and Ekta Walia and Paul Babyn},
	year            = 2019,
	month           = dec,
	journal         = {Medical Image Analysis},
	publisher       = {Elsevier {BV}},
	volume          = 58,
	pages           = 101552,
	doi             = {10.1016/j.media.2019.101552},
	url             = {https://doi.org/10.1016\%2Fj.media.2019.101552}
}
@article{Yi2019,
	title           = {Generative adversarial network in medical imaging: A review.},
	author          = {Yi, X and Walia, E and Babyn, P},
	year            = 2019,
	month           = dec,
	journal         = {Med Image Anal},
	volume          = 58,
	pages           = 101552,
	date            = {2019 Dec},
	source          = {Med Image Anal},
	authors         = {Yi, X and Walia, E and Babyn, P},
	pubmed_id       = 31521965
}
@article{Borji2018-fy,
	title           = {Pros and cons of GAN evaluation measures},
	author          = {Borji, Ali},
	year            = 2019,
	month           = feb,
	journal         = {Computer Vision and Image Understanding},
	volume          = 179,
	pages           = {41--65},
	doi             = {10.1016/j.cviu.2018.10.009},
	issn            = {1090235x},
	archiveprefix   = {arXiv},
	arxivid         = {1802.03446},
	eprint          = {1802.03446},
	mendeley-groups = {OHD-GAN-misc}
}
@article{Camino2019,
	title           = {Improving {Missing} {Data} {Imputation} with {Deep} {Generative} {Models}},
	author          = {Camino, Ramiro D. and Hammerschmidt, Christian A. and State, Radu},
	year            = 2019,
	month           = feb,
	archiveprefix   = {arxiv},
	date            = {2019-02-27},
	eprint          = {1902.10666},
	eprintclass     = {cs.LG},
	eprinttype      = {arXiv}
}
@inproceedings{Jayaraman2019,
	title           = {Evaluating differentially private machine learning in practice},
	author          = {Jayaraman, Bargav and Evans, David},
	year            = 2019,
	month           = feb,
	booktitle       = {Proceedings of the 28th USENIX Security Symposium},
	publisher       = {USENIX Association},
	pages           = {1895--1912},
	isbn            = 9781939133069,
	url             = {http://arxiv.org/abs/1902.08874},
	archiveprefix   = {arXiv},
	arxivid         = {1902.08874},
	eprint          = {1902.08874},
	mendeley-groups = {GAN Privacy}
}
@article{Cai_2019,
	title           = {Towards cross-modal organ translation and segmentation: A cycle- and shape-consistent generative adversarial network},
	author          = {Jinzheng Cai and Zizhao Zhang and Lei Cui and Yefeng Zheng and Lin Yang},
	year            = 2019,
	month           = feb,
	journal         = {Medical Image Analysis},
	publisher       = {Elsevier {BV}},
	volume          = 52,
	pages           = {174--184},
	doi             = {10.1016/j.media.2018.12.002},
	url             = {https://doi.org/10.1016\%2Fj.media.2018.12.002}
}
@article{Nakata2019,
	title           = {Recent technical development of artificial intelligence for diagnostic medical imaging.},
	author          = {Nakata, N},
	year            = 2019,
	month           = feb,
	journal         = {Jpn J Radiol},
	volume          = 37,
	pages           = {103--108},
	date            = {2019 Feb},
	source          = {Jpn J Radiol},
	authors         = {Nakata, N},
	pubmed_id       = 30706381
}
@article{Beaulieu-Jones2019-ct,
	title           = {{{Privacy-Preserving} Generative Deep Neural Networks Support Clinical Data Sharing}},
	author          = {Beaulieu-Jones, Brett K and Wu, Zhiwei Steven and Williams Chris and Lee, Ran and Bhavnani, Sanjeev P and Byrd, James Brian and Greene, Casey S},
	year            = 2019,
	month           = jul,
	journal         = {Circ. Cardiovasc. Qual. Outcomes},
	publisher       = {American Heart Association},
	volume          = 12,
	number          = 7,
	pages           = {e005122}
}
@article{Golany2019,
	title           = {{PGANs}: {Personalized} {Generative} {Adversarial} {Networks} for {ECG} {Synthesis} to {Improve} {Patient}-{Specific} {Deep} {ECG} {Classification}},
	author          = {Golany, Tomer and Radinsky, Kira},
	year            = 2019,
	month           = jul,
	journal         = {Proceedings of the {AAAI} Conference on Artificial Intelligence},
	publisher       = {Association for the Advancement of Artificial Intelligence ({AAAI})},
	volume          = 33,
	pages           = {557--564},
	doi             = {10.1609/aaai.v33i01.3301557},
	url             = {http://www.kiraradinsky.com/files/pgans-personalized-generative.pdf All Papers/G/Golany and Radinsky 2019 - PGANs - Personalized Generative Adversarial N ... for ECG Synthesis to Improve Patient-Specific Deep ECG Classification.pdf},
	timestamp       = {2020-10-23}
}
@inproceedings{Jolicoeur-Martineau2019,
	title           = {The relativistic discriminator: A key element missing from standard GaN},
	author          = {Jolicoeur-Martineau, Alexia},
	year            = 2019,
	month           = jul,
	booktitle       = {7th International Conference on Learning Representations, ICLR 2019},
	publisher       = {International Conference on Learning Representations, ICLR},
	url             = {http://arxiv.org/abs/1807.00734},
	archiveprefix   = {arXiv},
	arxivid         = {1807.00734},
	eprint          = {1807.00734},
	mendeley-groups = {OHD-GAN-misc}
}
@article{Hand2019,
	title           = {What is the Purpose of Statistical Modelling?},
	author          = {Hand, David},
	year            = 2019,
	month           = jun,
	journal         = {Harvard Data Science Review},
	publisher       = {MIT Press - Journals},
	volume          = 1,
	number          = 1,
	doi             = {10.1162/99608f92.4a85af74},
	url             = {https://hdsr.mitpress.mit.edu/pub/9qsbf3hz},
	mendeley-groups = {Modeling}
}
@article{harutyunyan_multitask_2019,
	title           = {Multitask learning and benchmarking with clinical time series data},
	author          = {Harutyunyan, Hrayr and Khachatrian, Hrant and Kale, David C. and Ver Steeg, Greg and Galstyan, Aram},
	year            = 2019,
	month           = jun,
	journal         = {Scientific Data},
	volume          = 6,
	number          = 1,
	pages           = 96,
	doi             = {10/ghb4bs},
	issn            = {2052-4463},
	url             = {10/ghb4bs},
	urldate         = {2020-10-13},
	copyright       = {2019 The Author(s)}
}
@article{lui2019-latent,
	title           = {Latent space cartography: Visual analysis of vector space embeddings},
	author          = {Liu, Yang and Jun, Eunice and Li, Qisheng and Heer, Jeffrey},
	year            = 2019,
	month           = jun,
	journal         = {Computer Graphics Forum},
	publisher       = {Blackwell Publishing Ltd},
	volume          = 38,
	number          = 3,
	pages           = {67--78},
	doi             = {10.1111/cgf.13672},
	issn            = 14678659,
	url             = {https://onlinelibrary.wiley.com/doi/abs/10.1111/cgf.13672}
}
@article{Sung_2019,
	title           = {Image-to-Image Translation Using Identical-Pair Adversarial Networks},
	author          = {Thai Leang Sung and Hyo Jong Lee},
	year            = 2019,
	month           = jun,
	journal         = {Applied Sciences},
	publisher       = {{Mdpi} {Ag}},
	volume          = 9,
	number          = 13,
	pages           = 2668,
	doi             = {10.3390/app9132668},
	url             = {https://doi.org/10.3390\%2Fapp9132668}
}
@inproceedings{Yang_2019_impute_ehr,
	title           = {{Categorical {EHR} Imputation with Generative Adversarial Nets}},
	author          = {Yinchong Yang and Zhiliang Wu and Volker Tresp and Peter A. Fasching},
	year            = 2019,
	month           = jun,
	booktitle       = {2019 {IEEE} International Conference on Healthcare Informatics ({ICHI})},
	publisher       = {Ieee},
	doi             = {10.1109/ichi.2019.8904717},
	url             = {https://doi.org/10.1109\%2Fichi.2019.8904717}
}
@article{Chen_2019,
	title           = {The validity of synthetic clinical data: a validation study of a leading synthetic data generator (Synthea) using clinical quality measures},
	author          = {Junqiao Chen and David Chun and Milesh Patel and Epson Chiang and Jesse James},
	year            = 2019,
	month           = mar,
	journal         = {{BMC} Medical Informatics and Decision Making},
	publisher       = {Springer Science and Business Media {LLC}},
	volume          = 19,
	number          = 1,
	doi             = {10.1186/s12911-019-0793-0},
	url             = {https://doi.org/10.1186\%2Fs12911-019-0793-0}
}
@article{Harada2019,
	title           = {Biosignal Generation and Latent Variable Analysis with Recurrent Generative Adversarial Networks},
	author          = {Harada, Shota and Hayashi, Hideaki and Uchida, Seiichi},
	year            = 2019,
	month           = may,
	journal         = {IEEE Access},
	publisher       = {Institute of Electrical and Electronics Engineers Inc.},
	volume          = 7,
	pages           = {144292--144302},
	doi             = {10.1109/access.2019.2934928},
	issn            = 21693536,
	archiveprefix   = {arXiv},
	arxivid         = {1905.07136},
	eprint          = {1905.07136},
	mendeley-groups = {OHD-GAN-misc,Phylogenetics}
}
@inproceedings{Yang_2019_ehr,
	title           = {Grouped Correlational Generative Adversarial Networks for Discrete Electronic Health Records},
	author          = {Yang, Fan and Yu, Zhongping and Liang, Yunfan and Gan, Xiaolu and Lin, Kaibiao and Zou, Quan and Zeng, Yifeng},
	year            = 2019,
	month           = nov,
	booktitle       = {Proceedings - 2019 IEEE International Conference on Bioinformatics and Biomedicine, BIBM 2019},
	publisher       = {Ieee},
	pages           = {906--913},
	doi             = {10.1109/bibm47256.2019.8983215},
	isbn            = 9781728118673,
	url             = {https://doi.org/10.1109{\%}2Fbibm47256.2019.8983215},
	mendeley-groups = {Ohd-gan}
}
@inproceedings{Liu_2019,
	title           = {Research on Extending Person Re-identification Datasets Based on Generative Adversarial Network},
	author          = {Yujie Liu and Yixin Su and Xiaozhou Ye and Yue Qi},
	year            = 2019,
	month           = nov,
	booktitle       = {2019 Chinese Automation Congress ({CAC})},
	publisher       = {Ieee},
	doi             = {10.1109/cac48633.2019.8996586},
	url             = {https://doi.org/10.1109\%2Fcac48633.2019.8996586}
}
@inproceedings{Tokuoka_2019,
	title           = {An Inductive Transfer Learning Approach using Cycle-consistent Adversarial Domain Adaptation with Application to Brain Tumor Segmentation},
	author          = {Yuta Tokuoka and Shuji Suzuki and Yohei Sugawara},
	year            = 2019,
	month           = nov,
	booktitle       = {Proceedings of the 2019 6th International Conference on Biomedical and Bioinformatics Engineering},
	publisher       = {Acm},
	doi             = {10.1145/3375923.3375948},
	url             = {https://doi.org/10.1145\%2F3375923.3375948}
}
@inproceedings{Jackson_2019,
	title           = {Extending a Generative Adversarial Network to Produce Medical Records with Demographic Characteristics and Health System Use},
	author          = {Piper Jackson and Marco Lussetti},
	year            = 2019,
	month           = oct,
	booktitle       = {2019 {IEEE} 10th Annual Information Technology Electronics and Mobile Communication Conference ({IEMCON})},
	publisher       = {Ieee},
	doi             = {10.1109/iemcon.2019.8936168},
	url             = {https://doi.org/10.1109\%2Fiemcon.2019.8936168}
}
@article{Delaney2019,
	title           = {Synthesis of {Realistic} {ECG} using {Generative} {Adversarial} {Networks}},
	author          = {Delaney, Anne Marie and Brophy, Eoin and Ward, Tomas E},
	year            = 2019,
	month           = sep,
	date            = {2019-09-19},
	eprint          = {1909.09150},
	eprintclass     = {eess.SP},
	eprinttype      = {arXiv},
	timestamp       = {2020-10-23}
}
@article{Fisher2019,
	title           = {Machine learning for comprehensive forecasting of Alzheimer's Disease progression.},
	author          = {Fisher, CK and Smith, AM and Walsh, JR},
	year            = 2019,
	month           = sep,
	journal         = {Sci Rep},
	volume          = 9,
	pages           = 13622,
	date            = {2019 Sep 20},
	source          = {Sci Rep},
	authors         = {Fisher, CK and Smith, AM and Walsh, JR},
	pubmed_id       = 31541187
}
@article{Lin2019,
	title           = {Generating High-fidelity, Synthetic Time Series Datasets with DoppelGANger},
	author          = {Lin, Zinan and Jain, Alankar and Wang, Chen and Fanti, Giulia and Sekar, Vyas},
	year            = 2019,
	month           = sep,
	url             = {http://arxiv.org/abs/1909.13403},
	archiveprefix   = {arXiv},
	arxivid         = {1909.13403},
	eprint          = {1909.13403},
	mendeley-groups = {Privacy,GAN,OHD-GAN-misc,Synthetic data}
}
@article{Bae2020,
	title           = {AnomiGAN: Generative adversarial networks for anonymizing private medical data},
	author          = {Bae, Ho and Jung, Dahuin and Choi, Hyun Soo and Yoon, Sungroh},
	year            = 2020,
	journal         = {Pacific Symposium on Biocomputing},
	volume          = 25,
	number          = 2020,
	pages           = {563--574},
	doi             = {10.1142/9789811215636\_0050},
	issn            = 23356936,
	url             = {https://www.ncbi.nlm.nih.gov/pubmed/31797628 http://psb.stanford.edu/psb-online/proceedings/psb20/abstracts/2020{\%5F}p563.html https://doi.org/10.1142/9789811215636{\%5F}0050 http://arxiv.org/abs/1901.11313 All Papers/B/Bae et al. 2020 - AnomiGAN - Generative Adve},
	archiveprefix   = {arXiv},
	arxivid         = {1901.11313},
	eprint          = {1901.11313},
	mendeley-groups = {Phylogenetics,OHD-GAN},
	pmid            = 31797628
}
@article{BaeAnomiGAN2020,
	title           = {AnomiGAN: Generative Adversarial Networks for Anonymizing Private Medical Data},
	author          = {Bae, Ho and Jung, Dahuin and Choi, Hyun-Soo and Yoon, Sungroh},
	year            = 2020,
	journal         = {Pacific Symposium on Biocomputing. Pacific Symposium on Biocomputing},
	volume          = 25,
	pages           = {563--574},
	issn            = {2335-6928},
	url             = {http://europepmc.org/abstract/MED/31797628}
}
@article{Capobianco2020,
	title           = {Imprecise Data and Their Impact on Translational Research in Medicine.},
	author          = {Capobianco, E},
	year            = 2020,
	journal         = {Front Med (Lausanne)},
	volume          = 7,
	pages           = 82,
	date            = 2020,
	source          = {Front Med (Lausanne)},
	authors         = {Capobianco, E},
	pubmed_id       = 32266273
}
@incollection{Angulo_2020,
	title           = {A Proposal to Evolving Towards Digital Twins in Healthcare},
	author          = {Cecilio Angulo and Luis Gonzalez-Abril and Cristobal Raya and Juan Antonio Ortega},
	year            = 2020,
	booktitle       = {Bioinformatics and Biomedical Engineering},
	publisher       = {Springer International Publishing},
	pages           = {418--426},
	doi             = {10.1007/978-3-030-45385-5\_37},
	url             = {https://doi.org/10.1007\%2F978-3-030-45385-5\%5F37}
}
@misc{yan2020generating,
	title           = {Generating Electronic Health Records with Multiple Data Types and Constraints},
	author          = {Chao Yan and Ziqi Zhang and Steve Nyemba and Bradley A. Malin},
	year            = 2020,
	eprint          = {2003.07904},
	archiveprefix   = {arXiv},
	primaryclass    = {cs.LG}
}
@misc{enthoven2020overview,
	title           = {An Overview of Federated Deep Learning Privacy Attacks and Defensive Strategies},
	author          = {David Enthoven and Zaid Al-Ars},
	year            = 2020,
	eprint          = {2004.04676},
	archiveprefix   = {arXiv},
	primaryclass    = {cs.CR}
}
@article{Ghassemi2020,
	title           = {A Review of Challenges and Opportunities in Machine Learning for Health.},
	author          = {Ghassemi, M and Naumann, T and Schulam, P and Beam, AL and Chen, IY and Ranganath, R},
	year            = 2020,
	journal         = {AMIA Jt Summits Transl Sci Proc},
	volume          = 2020,
	pages           = {191--200},
	date            = 2020,
	source          = {AMIA Jt Summits Transl Sci Proc},
	authors         = {Ghassemi, M and Naumann, T and Schulam, P and Beam, AL and Chen, IY and Ranganath, R},
	pubmed_id       = 32477638
}
@article{Lee_2020,
	title           = {{{BP}-{GAN}: Interpretable Human Branchpoint Prediction Using Attentive Generative Adversarial Networks}},
	author          = {Hyeonseok Lee and Sangwoo Yeom and Sungchan Kim},
	year            = 2020,
	journal         = {{IEEE} Access},
	publisher       = {Institute of Electrical and Electronics Engineers ({IEEE})},
	volume          = 8,
	pages           = {97851--97862},
	doi             = {10.1109/access.2020.2995762},
	url             = {https://doi.org/10.1109\%2Faccess.2020.2995762}
}
@misc{chincheong2020generation,
	title           = {Generation of Differentially Private Heterogeneous Electronic Health Records},
	author          = {Kieran Chin-Cheong and Thomas Sutter and Julia E. Vogt},
	year            = 2020,
	eprint          = {2006.03423},
	archiveprefix   = {arXiv},
	primaryclass    = {cs.LG}
}
@article{kurenkov2020briefhistory,
	title           = {A Brief History of Neural Nets and Deep Learning},
	author          = {Kurenkov, Andrey},
	year            = 2020,
	journal         = {Skynet Today}
}
@article{Xu2020BPGANBC,
	title           = {BPGAN: Bidirectional CT-to-MRI prediction using multi-generative multi-adversarial nets with spectral normalization and localization},
	author          = {L. Xu and Xianhua Zeng and H. Zhang and Weisheng Li and J. Lei and Z. Huang},
	year            = 2020,
	journal         = {Neural networks : the official journal of the International Neural Network Society},
	volume          = 128,
	pages           = {82--96}
}
@article{Latif2020-ol,
	title           = {Leveraging Data Science To Combat {COVID-19}: A Comprehensive Review},
	author          = {Latif, S and Usman, M and Manzoor, S and Iqbal, W and Qadir, J and Tyson, G and Castro, I and Razi, A and Kamel Boulos, M N and Weller, A and Crowcroft, J},
	year            = 2020,
	journal         = {IEEE Transactions on Artificial Intelligence},
	pages           = {1--1},
	doi             = {10.1109/tai.2020.3020521},
	issn            = {2691-4581},
	url             = {http://dx.doi.org/10.1109/TAI.2020.3020521}
}
@article{Jafari2020CardiacPT,
	title           = {Cardiac point-of-care to cart-based ultrasound translation using constrained CycleGAN},
	author          = {M. H. Jafari and Hany Girgis and N. Woudenberg and Nathaniel Moulson and Christina Luong and Andrea Fung and S. Balthazaar and John Jue and Micheal Tsang and Parvathy Nair and K. Gin and R. Rohling and P. Abolmaesumi and Teresa Tsang},
	year            = 2020,
	journal         = {International Journal of Computer Assisted Radiology and Surgery},
	volume          = 15,
	pages           = {877--886}
}
@article{nazabal2020handling,
	title           = {Handling incomplete heterogeneous data using vaes},
	author          = {Nazabal, Alfredo and Olmos, Pablo M and Ghahramani, Zoubin and Valera, Isabel},
	year            = 2020,
	journal         = {Pattern Recognition},
	publisher       = {Elsevier},
	volume          = 107,
	pages           = 107501,
	doi             = {10.1016/j.patcog.2020.107501},
	issn            = {0031-3203},
	priority        = {prio3}
}
@article{ozyigit2020generation,
	title           = {Generation of Realistic Synthetic Validation Healthcare Datasets sing Generative Adversarial Networks},
	author          = {Ozyigit, Eda Bilici and Arvanitis, Theodoros N and Despotou, George},
	year            = 2020,
	journal         = {Studies in health technology and informatics},
	volume          = 272,
	pages           = {322--325}
}
@misc{digital2020,
	title           = {Digital Biomarkers: Healthcare Trends},
	author          = {Pharmaceutical Technology},
	year            = 2020,
	booktitle       = {Verdict Media Limited},
	url             = {https://www.pharmaceutical-technology.com/comment/digital-biomarkers-healthcare-trends/}
}
@article{Becker_2020,
	title           = {{{COVID}-19 Research: Navigating the European General Data Protection Regulation}},
	author          = {Regina Becker and Adrian Thorogood and Johan Ordish and Michael J.S. Beauvais},
	year            = 2020,
	journal         = {{SSRN} Electronic Journal},
	publisher       = {Elsevier {BV}},
	doi             = {10.2139/ssrn.3593579},
	url             = {https://doi.org/10.2139\%2Fssrn.3593579}
}
@article{Singh2020,
	title           = {A {New} {ECG} {Denoising} {Framework} {Using} {Generative} {Adversarial} {Network}},
	author          = {Singh, Pratik and Pradhan, Gayadhar},
	year            = 2020,
	journal         = {IEEE/ACM Trans. Comput. Biol. Bioinform.},
	doi             = {10.1109/tcbb.2020.2976981},
	issn            = {1545-5963},
	url             = {http://dx.doi.org/10.1109/TCBB.2020.2976981 https://www.ncbi.nlm.nih.gov/pubmed/32142452 https://doi.ieeecomputersociety.org/10.1109/TCBB.2020.2976981 https://dx.doi.org/10.1109/TCBB.2020.2976981},
	timestamp       = {2020-10-23}
}
@misc{Sinha,
	title           = {Papers with Code : the latest in machine learning},
	author          = {Sinha, Koustuv and Pineau, Joelle and Forde, Jessica and Dodge, Jesse and Stojnic, Robert},
	year            = 2020,
	booktitle       = {Rescience C},
	url             = {https://paperswithcode.com/ https://paperswithcode.com},
	urldate         = {2020-10-06},
	mendeley-groups = {Gan}
}
@misc{tensorflow-privacy,
	title           = {tensorflow/privacy: Library for training machine learning models with privacy for training data},
	author          = {Tensorflow community},
	year            = 2020,
	booktitle       = {GitHub},
	url             = {https://github.com/tensorflow/privacy},
	urldate         = {2020-09-28},
	mendeley-groups = {OHD-GAN-misc}
}
@article{Thorlund2020,
	title           = {Synthetic and External Controls in Clinical Trials - A Primer for Researchers.},
	author          = {Thorlund, K and Dron, L and Park, JJH and Mills, EJ},
	year            = 2020,
	journal         = {Clin Epidemiol},
	volume          = 12,
	pages           = {457--467},
	date            = 2020,
	source          = {Clin Epidemiol},
	authors         = {Thorlund, K and Dron, L and Park, JJH and Mills, EJ},
	pubmed_id       = 32440224
}
@article{walsh2020generating,
	title           = {Generating Digital Twins with Multiple Sclerosis Using Probabilistic Neural Networks},
	author          = {Walsh, Jonathan R and Smith, Aaron M and Pouliot, Yannick and Li-Bland, David and Loukianov, Anton and Fisher, Charles K},
	year            = 2020,
	journal         = {arXiv preprint arXiv:2002.02779}
}
@inproceedings{zhu_2020,
	title           = {Blood Glucose Prediction for Type 1 Diabetes Using Generative Adversarial Networks},
	author          = {Zhu, Taiyu and Yao, Xi and Li, Kezhi and Herrero, Pau and Georgiou, Pantelis},
	year            = 2020,
	booktitle       = {Proceedings of the 5th International Workshop on Knowledge Discovery in Healthcare Data co-located with 24th European Conference on Artificial Intelligence, KDH\@ECAI 2020, Santiago de Compostela, Spain {\&} Virtually, August 29-30, 2020},
	publisher       = {CEUR-WS.org},
	series          = {{\{}CEUR{\}} Workshop Proceedings},
	volume          = 2675,
	pages           = {90--94},
	url             = {http://ceur-ws.org/Vol-2675/paper15.pdf},
	editor          = {Bach, Kerstin and Bunescu, Razvan C and Marling, Cindy and Wiratunga, Nirmalie},
	mendeley-groups = {Ohd-gan}
}
@article{Zhu2020-oj,
	title           = {More Than Privacy: Applying Differential Privacy in Key Areas of Artificial Intelligence},
	author          = {Zhu, Tianqing and Ye, Dayong and Wang, Wei and Zhou, Wanlei and Yu, Philip},
	year            = 2020,
	journal         = {IEEE Trans. Knowl. Data Eng.},
	pages           = {1--1},
	doi             = {10.1109/tkde.2020.3014246},
	issn            = {1041-4347, 1558-2191},
	url             = {https://ieeexplore.ieee.org/document/9158374/},
	arxivid         = {2008.01916}
}
@article{Sedik2020-tx,
	title           = {Deploying Machine and Deep Learning Models for Efficient {Data-Augmented} Detection of {COVID-19} Infections},
	author          = {Sedik, Ahmed and Iliyasu, Abdullah M and Abd El-Rahiem, Basma and Abdel Samea, Mohammed E and Abdel-Raheem, Asmaa and Hammad, Mohamed and Peng, Jialiang and Abd El-Samie, Fathi E and Abd El-Latif, Ahmed A},
	year            = 2020,
	month           = {"16~" \# jul},
	journal         = {Viruses},
	publisher       = {Mdpi Ag},
	volume          = 12,
	number          = 7,
	pages           = 769,
	doi             = {10.3390/v12070769},
	issn            = {1999-4915},
	url             = {http://dx.doi.org/10.3390/v12070769},
	affiliation     = {Department of the Robotics and Intelligent Machines, Kafrelsheikh University, Kafrelsheikh 33511, Egypt. Electrical Engineering Department, Prince Sattam Bin Abdulaziz University, Al-Kharj 11942, Saudi Arabia. School of Computing, Tokyo Institute of Technology, Yokohama 226-8502, Japan. School of Computer Science and Technology, Changchun University of Science and Technology, Changchun 130022, China. Department of Mathematics and Computer Science, Faculty of Science, Menoufia University, Shebin El-Koom 32511, Egypt. Centre for Excellence in Cybersecurity, Quantum Information Processing, and Artificial Intelligence, Menoufia University, Shebin El-Koom 32511, Egypt. Medical Imaging and Interventional Radiology Departement, National Liver Institute, Menoufia university, Shebin El-Koom 32511, Egypt. Public Health and Community Medicine Department, Faculty of Medicine Menoufia University, Shebin El-Koom 32511, Egypt. Information Technology Department, Faculty of Computers and Information, Menoufia University, Shebin El-Koom 32511, Egypt. School of Data Science and Technology, Heilongjiang University, Harbin 150080, China. Department of Electronics and Electrical Communications Engineering, Faculty of Electronic Engineering, Menoufa University, Menouf 32952, Egypt. School of Information Technology and Computer Science, Nile University, Giza 12588, Egypt.},
	pmid            = 32708803,
	pmc             = {Pmc7411959}
}
@article{De_Cristofaro2020-tl,
	title           = {An Overview of Privacy in Machine Learning},
	author          = {De Cristofaro, Emiliano},
	year            = 2020,
	month           = {"18~" \# may},
	url             = {http://arxiv.org/abs/2005.08679},
	archiveprefix   = {arXiv},
	eprint          = {2005.08679},
	primaryclass    = {cs.LG},
	arxivid         = {2005.08679}
}
@article{Reiner_Benaim2020-lx,
	title           = {Analyzing {Medical} {Research} {Results} {Based} on {Synthetic} {Data} and {Their} {Relation} to {Real} {Data} {Results}: {Systematic} {Comparison} {From} {Five} {Observational} {Studies}},
	author          = {Reiner Benaim, Anat and Almog, Ronit and Gorelik, Yuri and Hochberg, Irit and Nassar, Laila and Mashiach, Tanya and Khamaisi, Mogher and Lurie, Yael and Azzam, Zaher S and Khoury, Johad and Kurnik, Daniel and Beyar, Rafael},
	year            = 2020,
	month           = {"20~" \# feb},
	journal         = {JMIR Med Inform},
	publisher       = {JMIR Medical Informatics},
	volume          = 8,
	number          = 2,
	pages           = {e16492},
	doi             = {10.2196/16492},
	issn            = {2291-9694},
	url             = {http://dx.doi.org/10.2196/16492},
	affiliation     = {Clinical Epidemiology Unit, Rambam Health Care Campus, Haifa, Israel. School of Public Health, University of Haifa, Haifa, Israel. Department of Internal Medicine D, Rambam Health Care Campus, Haifa, Israel. Institute of Endocrinology, Diabetes and Metabolism, Rambam Health Care Campus, Haifa, Israel. The Ruth \& Bruce Rappaport Faculty of Medicine, Technion-Israel Institute of Technology, Haifa, Israel. Clinical Pharmacology and Toxicology Section, Rambam Health Care Campus, Haifa, Israel. Diabetes Stem Cell Laboratory, Rambam Health Care Campus, Haifa, Israel. Department of Internal Medicine B, Rambam Health Care Campus, Haifa, Israel. The Ruth \& Bruce Rappaport Faculty of Medicine and Rappaport Research Institute, Technion-Israel Institute of Technology, Haifa, Israel. Clinical Pharmacology Unit, Rambam Health Care Campus, Haifa, Israel. Rambam Health Care Campus, Haifa, Israel.},
	pmid            = 32130148,
	pmc             = {Pmc7059086}
}
@article{Luo2020-gq,
	title           = {Feature Inference Attack on Model Predictions in Vertical Federated Learning},
	author          = {Luo, Xinjian and Wu, Yuncheng and Xiao, Xiaokui and Ooi, Beng Chin},
	year            = 2020,
	month           = {"20~" \# oct},
	url             = {http://arxiv.org/abs/2010.10152},
	archiveprefix   = {arXiv},
	eprint          = {2010.10152},
	primaryclass    = {cs.LG},
	arxivid         = {2010.10152}
}
@article{He2020-zm,
	title           = {Evolutionary Multiobjective Optimization Driven by Generative Adversarial Networks ({GANs})},
	author          = {He, Cheng and Huang, Shihua and Cheng, Ran and Tan, Kay Chen and Jin, Yaochu},
	year            = 2020,
	month           = {"30~" \# apr},
	journal         = {IEEE Trans Cybern},
	doi             = {10.1109/tcyb.2020.2985081},
	issn            = {2168-2275, 2168-2267},
	url             = {http://dx.doi.org/10.1109/TCYB.2020.2985081},
	pmid            = 32365041
}
@article{Qayyum2020-ir,
	title           = {Secure and Robust Machine Learning for Healthcare: A Survey},
	author          = {Qayyum, Adnan and Qadir, Junaid and Bilal, Muhammad and Al-Fuqaha, Ala},
	year            = 2020,
	month           = {"31~" \# jul},
	journal         = {IEEE Rev. Biomed. Eng.},
	volume          = {Pp},
	doi             = {10.1109/rbme.2020.3013489},
	issn            = {1937-3333, 1941-1189},
	url             = {http://dx.doi.org/10.1109/RBME.2020.3013489},
	archiveprefix   = {arXiv},
	eprint          = {2001.08103},
	primaryclass    = {cs.LG},
	pmid            = 32746371,
	arxivid         = {2001.08103}
}
@article{Schrum2020-vl,
	title           = {Interactive Evolution and Exploration Within Latent {Level-Design} Space of Generative Adversarial Networks},
	author          = {Schrum, Jacob and Gutierrez, Jake and Volz, Vanessa and Liu, Jialin and Lucas, Simon and Risi, Sebastian},
	year            = 2020,
	month           = {"31~" \# mar},
	url             = {http://arxiv.org/abs/2004.00151},
	archiveprefix   = {arXiv},
	eprint          = {2004.00151},
	primaryclass    = {cs.NE},
	arxivid         = {2004.00151}
}
@article{Lyu2020-sv,
	title           = {Threats to Federated Learning: A Survey},
	author          = {Lyu, Lingjuan and Yu, Han and Yang, Qiang},
	year            = 2020,
	month           = {"4~" \# mar},
	url             = {http://arxiv.org/abs/2003.02133},
	archiveprefix   = {arXiv},
	eprint          = {2003.02133},
	primaryclass    = {cs.CR},
	arxivid         = {2003.02133}
}
@book{Ohdsi2020-vf,
	title           = {{The Book of {OHDSI}}},
	author          = {Abedtash, Hamed and Ascha, Mustafa and Beno, Mark and Blacketer, Clair and Blatt, David and Christian, Brian and Cloft, Gino and DeFalco, Frank and Dempster, Sara and Duke, Jon and Eslava, Sergio and Evans, Clark and Falconer, Thomas and Hripcsak, George and Huser, Vojtech and Khayter, Mark and Klebanov, Greg and Kostka, Kristin and Lanese, Bob and Lattimore, Wanda and Li, Chun and Madigan, David and Malay, Sindhoosha and Menegay, Harry and Nishimura, Akihiko and Palmer, Ellen and Patil, Nirav and Posada, Jose and Pratt, Nicole and Prieto-Alhambra, Dani and Reich, Christian and Reps, Jenna and Rijnbeek, Peter and Ryan, Patrick and Sachson, Craig and Saridakis, Izzy and Saroufim, Paola and Schuemie, Martijn and Seager, Sarah and Sena, Anthony and Song, Sunah and Spotnitz, Matt and Suchard, Marc and Swerdel, Joel and Tian, Devin and Torok, Don and van Bochove, Kees and Van Zandt, Mui and Voss, Erica and Waite, Kristin and Warfe, Mike and Weaver, Jamie and Wiggins, James and Williams, Andrew and Chan You, Seng and  and  and},
	year            = 2020,
	month           = {12~ \# feb},
	publisher       = {Travis CI},
	url             = {https://ohdsi.github.io/TheBookOfOhdsi/},
	editor          = {Observational Health Data Sciences and Informatics}
}
@article{Yale_2020,
	title           = {Generation and evaluation of privacy preserving synthetic health data},
	author          = {Andrew Yale and Saloni Dash and Ritik Dutta and Isabelle Guyon and Adrien Pavao and Kristin P. Bennett},
	year            = 2020,
	month           = apr,
	journal         = {Neurocomputing},
	publisher       = {Elsevier {BV}},
	doi             = {10.1016/j.neucom.2019.12.136},
	url             = {https://doi.org/10.1016\%2Fj.neucom.2019.12.136}
}
@article{mclennan_covid-19_2020,
	title           = {{COVID}-19: {Putting} the {General} {Data} {Protection} {Regulation} to the {Test}},
	author          = {McLennan, Stuart and Celi, Leo Anthony and Buyx, Alena},
	year            = 2020,
	month           = apr,
	journal         = {JMIR Public Health and Surveillance},
	volume          = 6,
	number          = 2,
	pages           = {e19279},
	doi             = {10.2196/19279},
	issn            = {2369-2960},
	url             = {http://dx.doi.org/10.2196/19279 https://www.ncbi.nlm.nih.gov/pubmed/32449686 https://www.ncbi.nlm.nih.gov/pmc/articles/PMC7265798 https://publichealth.jmir.org/2020/2/e19279/ All Papers/M/McLennan et al. 2020 - COVID-19 - Putting the General Data Protecti},
	pmid            = 32449686
}
@article{McLennan_2020,
	title           = {{{COVID}-19: Putting the General Data Protection Regulation to the Test (Preprint)}},
	author          = {Stuart McLennan and Leo Anthony Celi and Alena Buyx},
	year            = 2020,
	month           = apr,
	publisher       = {{JMIR} Publications Inc.},
	doi             = {10.2196/preprints.19279},
	url             = {https://doi.org/10.2196\%2Fpreprints.19279}
}
@article{Tang2020,
	title           = {CGAN-TM: A novel domain-to-domain transferring method for person re-identification.},
	author          = {Tang, Y and Yang, X and Wang, N and Song, B and Gao, X},
	year            = 2020,
	month           = apr,
	journal         = {IEEE Trans Image Process},
	date            = {2020 Apr 13},
	source          = {IEEE Trans Image Process},
	authors         = {Tang, Y and Yang, X and Wang, N and Song, B and Gao, X},
	pubmed_id       = 32286985
}
@article{Wang2020,
	title           = {Medical Imaging Synthesis using Deep Learning and its Clinical Applications: A Review},
	author          = {Wang, Tonghe and Lei, Yang and Fu, Yabo and Curran, Walter J. and Liu, Tian and Yang, Xiaofeng},
	year            = 2020,
	month           = apr,
	url             = {http://arxiv.org/abs/2004.10322},
	archiveprefix   = {arXiv},
	arxivid         = {2004.10322},
	eprint          = {2004.10322},
	mendeley-groups = {GAN,OHD-GAN-misc}
}
@article{bandara_improving_2020,
	title           = {Improving the {Accuracy} of {Global} {Forecasting} {Models} using {Time} {Series} {Data} {Augmentation}},
	author          = {Bandara, Kasun and Hewamalage, Hansika and Liu, Yuan-Hao and Kang, Yanfei and Bergmeir, Christoph},
	year            = 2020,
	month           = aug,
	url             = {http://arxiv.org/abs/2008.02663}
}
@article{Croatti2020,
	title           = {On the Integration of Agents and Digital Twins in Healthcare.},
	author          = {Croatti, A and Gabellini, M and Montagna, S and Ricci, A},
	year            = 2020,
	month           = aug,
	journal         = {J Med Syst},
	volume          = 44,
	pages           = 161,
	date            = {2020 Aug 4},
	source          = {J Med Syst},
	authors         = {Croatti, A and Gabellini, M and Montagna, S and Ricci, A},
	pubmed_id       = 32748066
}
@article{Portela2020,
	title           = {When Is an In Silico Representation a Digital Twin? A Biopharmaceutical Industry Approach to the Digital Twin Concept.},
	author          = {Portela, RMC and Varsakelis, C and Richelle, A and Giannelos, N and Pence, J and Dessoy, S and von, Stosch M},
	year            = 2020,
	month           = aug,
	journal         = {Adv Biochem Eng Biotechnol},
	date            = {2020 Aug 15},
	source          = {Adv Biochem Eng Biotechnol},
	authors         = {Portela, RMC and Varsakelis, C and Richelle, A and Giannelos, N and Pence, J and Dessoy, S and von, Stosch M},
	pubmed_id       = 32797270
}
@article{Yang2020_cyclegan,
	title           = {Unsupervised MR-to-CT Synthesis using Structure-Constrained CycleGAN.},
	author          = {Yang, H and Sun, J and Carass, A and Zhao, C and Lee, J and Prince, JL and Xu, Z},
	year            = 2020,
	month           = aug,
	journal         = {IEEE Trans Med Imaging},
	volume          = {Pp},
	date            = {2020 Aug 11},
	source          = {IEEE Trans Med Imaging},
	authors         = {Yang, H and Sun, J and Carass, A and Zhao, C and Lee, J and Prince, JL and Xu, Z},
	pubmed_id       = 32780700
}
@article{Yoon2020-anon,
	title           = {Anonymization Through Data Synthesis Using Generative Adversarial Networks (ADS-GAN).},
	author          = {Yoon, J and Drumright, LN and van, der Schaar M},
	year            = 2020,
	month           = aug,
	journal         = {IEEE J Biomed Health Inform},
	volume          = 24,
	pages           = {2378--2388},
	date            = {2020 Aug},
	source          = {IEEE J Biomed Health Inform},
	authors         = {Yoon, J and Drumright, LN and van, der Schaar M},
	pubmed_id       = 32167919
}
@article{Zhou2020,
	title           = {A review of deep learning in medical imaging: Image traits, technology trends, case studies with progress highlights, and future promises},
	author          = {Zhou, S. Kevin and Greenspan, Hayit and Davatzikos, Christos and Duncan, James S. and van Ginneken, Bram and Madabhushi, Anant and Prince, Jerry L. and Rueckert, Daniel and Summers, Ronald M.},
	year            = 2020,
	month           = aug,
	url             = {http://arxiv.org/abs/2008.09104},
	archiveprefix   = {arXiv},
	arxivid         = {2008.09104},
	eprint          = {2008.09104},
	mendeley-groups = {GAN,OHD-GAN-misc}
}
@misc{Koumakis2020,
	title           = {Deep learning models in genomics; are we there yet?},
	author          = {Koumakis, Lefteris},
	year            = 2020,
	month           = jan,
	booktitle       = {Computational and Structural Biotechnology Journal},
	publisher       = {Elsevier B.V.},
	volume          = 18,
	pages           = {1466--1473},
	doi             = {10.1016/j.csbj.2020.06.017},
	issn            = 20010370,
	url             = {/pmc/articles/PMC7327302/?report=abstract https://www.ncbi.nlm.nih.gov/pmc/articles/PMC7327302/}
}
@article{Wang2020latent,
	title           = {Generating Semantic Adversarial Examples via Feature Manipulation},
	author          = {Wang, Shuo and Chen, Shangyu and Chen, Tianle and Nepal, Surya and Rudolph, Carsten and Grobler, Marthie},
	year            = 2020,
	month           = jan,
	url             = {http://arxiv.org/abs/2001.02297},
	archiveprefix   = {arXiv},
	arxivid         = {2001.02297},
	eprint          = {2001.02297}
}
@article{Zhang2020,
	title           = {Ensuring electronic medical record simulation through better training, modeling, and evaluation},
	author          = {Zhang, Ziqi and Yan, Chao and Mesa, Diego A. and Sun, Jimeng and Malin, Bradley A.},
	year            = 2020,
	month           = jan,
	journal         = {Journal of the American Medical Informatics Association},
	publisher       = {Oxford University Press},
	volume          = 27,
	number          = 1,
	pages           = {99--108},
	doi             = {10.1093/jamia/ocz161},
	issn            = {1527974x},
	url             = {https://academic.oup.com/jamia/article/27/1/99/5583723},
	mendeley-groups = {Ohd-gan},
	pmid            = 31592533
}
@article{Ali2020,
	title           = {Domain Mapping and Deep Learning from Multiple MRI Clinical Datasets for Prediction of Molecular Subtypes in Low Grade Gliomas.},
	author          = {Ali, MB and Gu, IY and Berger, MS and Pallud, J and Southwell, D and Widhalm, G and Roux, A and Vecchio, TG and Jakola, AS},
	year            = 2020,
	month           = jul,
	journal         = {Brain Sci},
	volume          = 10,
	date            = {2020 Jul 18},
	source          = {Brain Sci},
	authors         = {Ali, MB and Gu, IY and Berger, MS and Pallud, J and Southwell, D and Widhalm, G and Roux, A and Vecchio, TG and Jakola, AS},
	pubmed_id       = 32708419
}
@article{Gao2020,
	title           = {Backdoor Attacks and Countermeasures on Deep Learning: A Comprehensive Review},
	author          = {Gao, Yansong and Doan, Bao Gia and Zhang, Zhi and Ma, Siqi and Zhang, Jiliang and Fu, Anmin and Nepal, Surya and Kim, Hyoungshick},
	year            = 2020,
	month           = jul,
	url             = {http://arxiv.org/abs/2007.10760},
	archiveprefix   = {arXiv},
	arxivid         = {2007.10760},
	eprint          = {2007.10760},
	mendeley-groups = {OHD-GAN-misc}
}
@inproceedings{Mu2020-id,
	title           = {Enhanced {Evolutionary} {Generative} {Adversarial} {Networks}},
	author          = {Mu, J and Zhou, Y and Cao, S and Zhang, Y and Liu, Z},
	year            = 2020,
	month           = jul,
	booktitle       = {2020 39th Chinese Control Conference ({CCC})},
	publisher       = {Institute of Electrical and Electronics Engineers (IEEE)},
	pages           = {7534--7539},
	doi             = {10.23919/ccc50068.2020.9188912},
	isbn            = 9789881563903,
	issn            = {1934-1768},
	url             = {http://dx.doi.org/10.23919/CCC50068.2020.9188912}
}
@article{Rankin2020,
	title           = {Reliability of Supervised Machine Learning Using Synthetic Data in Health Care: Model to Preserve Privacy for Data Sharing.},
	author          = {Rankin, D and Black, M and Bond, R and Wallace, J and Mulvenna, M and Epelde, G},
	year            = 2020,
	month           = jul,
	journal         = {JMIR Med Inform},
	volume          = 8,
	pages           = {e18910},
	date            = {2020 Jul 20},
	source          = {JMIR Med Inform},
	authors         = {Rankin, D and Black, M and Bond, R and Wallace, J and Mulvenna, M and Epelde, G},
	pubmed_id       = 32501278
}
@article{Camino2020bench,
	title           = {Working with {Deep} {Generative} {Models} and {Tabular} {Data} {Imputation}},
	author          = {Camino, Ramiro D and Hammerschmidt, Christian A and State, Radu},
	year            = 2020,
	month           = jun,
	journal         = {First Workshop on the Art of Learning with Missing Values (Artemiss)},
	pages           = 6
}
@article{Liu2020brainlatent,
	title           = {A generative modeling approach for interpreting population-level variability in brain structure},
	author          = {Liu, Ran and Subakan, Cem and Balwani, Aishwarya H and Whitesell, Jennifer and Harris, Julie and Koyejo, Sanmi and Dyer, Eva},
	year            = 2020,
	month           = jun,
	journal         = {bioRxiv},
	publisher       = {Cold Spring Harbor Laboratory},
	pages           = {2020.06.04.134635},
	doi             = {10.1101/2020.06.04.134635},
	isbn            = {10.1101/2020.06.0},
	url             = {https://doi.org/10.1101/2020.06.04.134635}
}
@article{Rudin_2020,
	title           = {Getting Value From Electronic Health Records: Research Needed to Improve Practice},
	author          = {Robert S. Rudin and Mark W. Friedberg and Paul Shekelle and Neel Shah and David W. Bates},
	year            = 2020,
	month           = jun,
	journal         = {Annals of Internal Medicine},
	publisher       = {American College of Physicians},
	volume          = 172,
	number          = {11{\_}Supplement},
	pages           = {S130--s136},
	doi             = {10.7326/m19-0878},
	url             = {https://doi.org/10.7326\%2Fm19-0878}
}
@article{Corral-Acero2020,
	title           = {The Digital Twin to enable the vision of precision cardiology.},
	author          = {Corral-Acero, J and Margara, F and Marciniak, M and Rodero, C and Loncaric, F and Feng, Y and Gilbert, A and Fernandes, JF and Bukhari, HA and Wajdan, A and Martinez, MV and Santos, MS and Shamohammdi, M and Luo, H and Westphal, P and Leeson, P and DiAchille, P and Gurev, V and Mayr, M and Geris, L and Pathmanathan, P and Morrison, T and Cornelussen, R and Prinzen, F and Delhaas, T and Doltra, A and Sitges, M and Vigmond, EJ and Zacur, E and Grau, V and Rodriguez, B and Remme, EW and Niederer, S and Mortier, P and McLeod, K and Potse, M and Pueyo, E and Bueno-Orovio, A and Lamata, P},
	year            = 2020,
	month           = mar,
	journal         = {Eur Heart J},
	date            = {2020 Mar 4},
	source          = {Eur Heart J},
	authors         = {Corral-Acero, J and Margara, F and Marciniak, M and Rodero, C and Loncaric, F and Feng, Y and Gilbert, A and Fernandes, JF and Bukhari, HA and Wajdan, A and Martinez, MV and Santos, MS and Shamohammdi, M and Luo, H and Westphal, P and Leeson, P and DiAchille, P and Gurev, V and Mayr, M and Geris, L and Pathmanathan, P and Morrison, T and Cornelussen, R and Prinzen, F and Delhaas, T and Doltra, A and Sitges, M and Vigmond, EJ and Zacur, E and Grau, V and Rodriguez, B and Remme, EW and Niederer, S and Mortier, P and McLeod, K and Potse, M and Pueyo, E and Bueno-Orovio, A and Lamata, P},
	pubmed_id       = 32128588
}
@article{Fukae2020,
	title           = {Convolutional neural network for classification of two-dimensional array images generated from clinical information may support diagnosis of rheumatoid arthritis.},
	author          = {Fukae, J and Isobe, M and Hattori, T and Fujieda, Y and Kono, M and Abe, N and Kitano, A and Narita, A and Henmi, M and Sakamoto, F and Aoki, Y and Ito, T and Mitsuzaki, A and Matsuhashi, M and Shimizu, M and Tanimura, K and Sutherland, K and Kamishima, T and Atsumi, T and Koike, T},
	year            = 2020,
	month           = mar,
	journal         = {Sci Rep},
	volume          = 10,
	pages           = 5648,
	date            = {2020 Mar 27},
	source          = {Sci Rep},
	authors         = {Fukae, J and Isobe, M and Hattori, T and Fujieda, Y and Kono, M and Abe, N and Kitano, A and Narita, A and Henmi, M and Sakamoto, F and Aoki, Y and Ito, T and Mitsuzaki, A and Matsuhashi, M and Shimizu, M and Tanimura, K and Sutherland, K and Kamishima, T and Atsumi, T and Koike, T},
	pubmed_id       = 32221385
}
@article{Li_2020,
	title           = {A multicenter random forest model for effective prognosis prediction in collaborative clinical research network},
	author          = {Jin Li and Yu Tian and Yan Zhu and Tianshu Zhou and Jun Li and Kefeng Ding and Jingsong Li},
	year            = 2020,
	month           = mar,
	journal         = {Artificial Intelligence in Medicine},
	publisher       = {Elsevier {BV}},
	volume          = 103,
	pages           = 101814,
	doi             = {10.1016/j.artmed.2020.101814},
	url             = {https://doi.org/10.1016\%2Fj.artmed.2020.101814}
}
@article{cosgriff_data_2020,
	title           = {Data sharing in the era of {COVID}-19},
	author          = {Cosgriff, Christopher V. and Ebner, Daniel K. and Celi, Leo Anthony},
	year            = 2020,
	month           = may,
	journal         = {The Lancet Digital Health},
	publisher       = {Elsevier {BV}},
	volume          = 2,
	number          = 5,
	pages           = {e224},
	doi             = {10.1016/s2589-7500(20)30082-0},
	issn            = 25897500,
	url             = {http://dx.doi.org/10.1016/S2589-7500(20)30082-0 https://www.ncbi.nlm.nih.gov/pubmed/32373785 https://www.ncbi.nlm.nih.gov/pmc/articles/PMC7194831 https://linkinghub.elsevier.com/retrieve/pii/S2589-7500(20)30082-0 https://doi.org/10.1016/S2589-7500(20)3008}
}
@article{Goncalves2020,
	title           = {Generation and evaluation of synthetic patient data.},
	author          = {Goncalves, A and Ray, P and Soper, B and Stevens, J and Coyle, L and Sales, AP},
	year            = 2020,
	month           = may,
	journal         = {BMC Med Res Methodol},
	volume          = 20,
	pages           = 108,
	date            = {2020 May 7},
	source          = {BMC Med Res Methodol},
	authors         = {Goncalves, A and Ray, P and Soper, B and Stevens, J and Coyle, L and Sales, AP},
	pubmed_id       = 32381039
}
@article{Li2020latent,
	title           = {Interpreting the Latent Space of GANs via Correlation Analysis for Controllable Concept Manipulation},
	author          = {Li, Ziqiang and Tao, Rentuo and Niu, Hongjing and Li, Bin},
	year            = 2020,
	month           = may,
	url             = {http://arxiv.org/abs/2006.10132},
	archiveprefix   = {arXiv},
	arxivid         = {2006.10132},
	eprint          = {2006.10132}
}
@article{Way2020,
	title           = {Compressing gene expression data using multiple latent space dimensionalities learns complementary biological representations},
	author          = {Way, Gregory P. and Zietz, Michael and Rubinetti, Vincent and Himmelstein, Daniel S. and Greene, Casey S.},
	year            = 2020,
	month           = may,
	journal         = {Genome Biology},
	publisher       = {BioMed Central Ltd.},
	volume          = 21,
	number          = 1,
	doi             = {10.1186/s13059-020-02021-3},
	issn            = {1474760x},
	url             = {https://pubmed.ncbi.nlm.nih.gov/32393369/},
	pmid            = 32393369
}
@article{walonoski_synthea_2020,
	title           = {Synthea? {Novel} {Coronavirus} ({COVID}-19) {Model} and {Synthetic} {Data} {Set}},
	author          = {Walonoski, Jason and Klaus, Sybil and Granger, Eldesia and Hall, Dylan and Gregorowicz, Andy and Gregorowicz, Andy and Neyarapally, George and Watson, Abigail and Eastman, Jeff},
	year            = 2020,
	month           = oct,
	journal         = {Intelligence-Based Medicine},
	pages           = 100007,
	doi             = {10.1016/j.ibmed.2020.100007},
	issn            = 26665212,
	url             = {https://linkinghub.elsevier.com/retrieve/pii/S2666521220300077}
}
@inproceedings{Ding2020latent,
	title           = {CMTS: A Conditional Multiple Trajectory Synthesizer for Generating Safety-Critical Driving Scenarios},
	author          = {Ding, Wenhao and Xu, Mengdi and Zhao, Ding},
	year            = 2020,
	month           = sep,
	publisher       = {Institute of Electrical and Electronics Engineers (IEEE)},
	pages           = {4314--4321},
	doi             = {10.1109/icra40945.2020.9197145},
	archiveprefix   = {arXiv},
	arxivid         = {1910.00099},
	eprint          = {1910.00099}
}
